3576 5595
1436 367 1461 391 ‘
1474 371 1900 435 PRAEFATIO
2870 371 2993 436 399

387 563 516 621 sine
578 563 781 635 aquis:
840 555 888 620 f.
933 559 1245 622 65-70*
1292 556 1617 620 Prisciani
1663 557 1744 620 dc
1790 557 2019 641 figuris
2064 579 2478 660 numerorum
2515 556 2785 640 librum,
2831 564 2994 623 Pris-

388 667 603 722 cianus
651 666 1085 737 qrammalicus
1120 663 1462 738 symmacho
1500 695 1583 705 ——
1626 665 2024 736 sexctnyulum
2067 673 2122 721 et
2170 666 2425 722 similia:
2489 659 2537 722 s.
2578 659 2696 722 70*
2720 700 2803 708 —
2840 661 2995 725 100*

388 765 696 824 Prisciani
728 783 792 838 q.
832 766 1187 840 particiones
1225 764 1363 823 XII
1408 781 1567 823 uera
1608 766 1844 824 aeneid.
1876 768 2314 840 principalium
2330 812 2344 838 ,
2401 766 2590 825 Arma
2623 799 2697 810 —
2731 767 2992 839 faciens.

386 869 685 940 prisciani
738 869 1125 940 qrammatici
1179 884 1366 941 super
1420 866 1564 925 XII
1603 868 1835 941 primos
1895 885 2105 925 uersus
2170 868 2404 927 aeneid.
2459 870 2645 942 expli.
2704 874 2996 929 tractatus

380 971 806 1046 partitionum.-
865 963 912 1028 f.
970 963 1357 1027 100*—-108
1403 963 1642 1028 librum
1689 964 1769 1028 (le
1812 963 2307 1049 orthographia,
2353 971 2563 1044 incipit
2602 972 2995 1046 ortoyraphia

392 1073 579 1131 bedae
612 1071 962 1146 presbyteri.
1030 1071 1084 1127 Α
1123 1073 1324 1129 littera
1364 1072 1542 1129 eliam
1580 1077 1720 1128 nola
1771 1103 1845 1114 —
1891 1073 2148 1130 oratoris
2197 1087 2388 1130 sermo
2425 1075 2723 1145 peruenit.
2810 1067 2994 1132 Pari·

298 1229 305 1236 .
393 1173 576 1233 sinus
630 1169 840 1232 codex
897 1168 966 1231 in
1024 1167 1150 1231 hac
1206 1188 1460 1253 quoque
1520 1179 1705 1253 parte
1748 1190 1877 1232 non
1937 1167 2146 1231 solum
2194 1190 2279 1231 ex
2322 1167 2491 1233 bono
2533 1169 2714 1233 fonte
2760 1170 2993 1235 ductus

394 1272 510 1335 scd
553 1271 749 1335 etiam
794 1278 1098 1333 accurate
1140 1272 1421 1353 scriptus
1462 1279 1590 1350 est,
1650 1291 2044 1355 quamquam
2097 1269 2324 1351 habet,
2383 1291 2552 1355 quae
2596 1270 2701 1334 vel
2749 1281 2996 1338 temere

395 1372 625 1437 addita
667 1371 773 1436 vel
817 1371 1373 1456 interpretationis
1418 1391 1617 1432 causa
1667 1370 2005 1455 adscripta
2061 1380 2125 1434 et
2179 1371 2245 1435 in
2302 1372 2795 1436 continuitatem
2852 1398 2992 1439 ver·

395 1475 624 1539 borum
679 1473 885 1537 inlata
939 1494 1081 1535 esse
1127 1472 1461 1556 adpareat.
1551 1472 1637 1537 ad
1682 1472 1856 1536 hunc
1900 1471 2283 1558 plerumque
2326 1474 2581 1538 aceedit
2626 1474 2994 1560 Gudianus,

397 1578 508 1663 qui
554 1578 694 1662 ipse
738 1596 994 1661 quoque
1038 1574 1201 1637 satis
1239 1583 1542 1636 accurate
1591 1576 1873 1659 scriptus
1918 1582 2049 1655 est3
2107 1575 2222 1638 sed
2268 1575 2336 1638 in
2385 1596 2461 1639 eo
2500 1576 2716 1640 octavi
2761 1599 2994 1642 versus

395 1679 661 1763 partitio
705 1686 853 1762 post
898 1697 1138 1740 nonum
1181 1677 1579 1759 transposita
1623 1686 1750 1756 est,
1799 1676 1865 1738 in
1908 1677 2101 1761 primi
2133 1687 2348 1741 autem
2379 1698 2612 1743 versus
2643 1663 2995 1764 partitione

398 1788 708 1866 quattuor
765 1777 1048 1841 schedae
1093 1787 1241 1862 post
1284 1778 1331 1839 f.
1381 1782 1453 1839 71
1517 1780 1869 1863 perierunt.
1958 1776 2306 1841 Leidensis
2360 1788 2575 1842 autem
2635 1779 2845 1844 codex
2902 1782 2995 1844 in-

399 1880 759 1967 aequaliter
795 1879 1072 1964 scriptus
1103 1889 1220 1942 cst.
1295 1901 1444 1942 nam
1486 1879 1637 1943 inde
1683 1879 1767 1942 ab
1815 1888 2047 1943 octavo
2084 1902 2276 1944 versu
2308 1902 2451 1944 eam
2481 1880 2621 1944 sere
2653 1884 2995 1964 rationem,

400 1985 667 2068 quaein
700 1982 1002 2045 Parisino
1049 1979 1216 2044 libro
1260 1987 1388 2060 est,
1435 1981 1760 2066 sequitur,
1803 1981 1872 2044 in
1916 1982 2131 2066 priore
2178 1991 2360 2067 parte
2401 2002 2557 2045 vero
2602 2004 2747 2047 cum
2793 1983 2999 2047 multa

400 2086 592 2147 aliter
632 2083 873 2168 scripta
901 2091 1071 2162 sunt,
1109 2092 1245 2145 tum
1277 2081 1537 2167 saepius
1568 2083 1911 2168 quaedam,
1959 2105 2126 2169 quae
2155 2082 2265 2147 ille
2299 2082 2516 2166 habet,
2551 2085 2795 2148 omissa
2823 2095 2996 2149 sunt.

401 2187 466 2248 in
514 2185 753 2272 quibus
796 2206 944 2247 cum
987 2182 1302 2269 conplura
1343 2186 1496 2265 sint,
1544 2206 1710 2269 quae
1756 2194 1983 2271 postea
2031 2184 2260 2248 addita
2299 2206 2443 2248 esse
2486 2185 2823 2272 adpareat,
2867 2185 3001 2250 alia

401 2298 650 2367 tamen,
709 2287 789 2350 de
832 2305 1108 2372 quorum
1148 2286 1538 2371 antiquitate
1594 2286 1884 2350 dubitari
1929 2287 2185 2372 nequit,
2250 2287 2314 2350 in
2360 2285 2481 2351 hoc
2526 2286 2695 2353 libro
2739 2289 2996 2354 desunt.

402 2413 530 2453 non
591 2387 771 2451 nulla
823 2409 980 2451 vero
1042 2387 1267 2467 etiam,
1334 2409 1502 2471 quae
1550 2388 1619 2450 in
1662 2388 1962 2452 Parisino
2006 2398 2071 2451 et
2115 2388 2423 2452 Gudiano
2467 2400 2775 2476 corrupta
2824 2400 2998 2474 sunt,

402 2502 577 2555 recte
622 2491 868 2576 scripta
908 2490 1229 2572 servavit,
1274 2500 1346 2553 ut
1389 2489 1628 2554 librum
1675 2511 1760 2552 ex
1804 2488 1971 2554 bono
2017 2489 2279 2575 quidem
2319 2490 2495 2555 fonte
2539 2492 2834 2575 ductum,
2883 2491 3001 2555 sed

405 2592 682 2657 eundem
750 2599 815 2654 et
886 2588 1305 2675 neglegentia
1377 2591 1627 2655 librarii
1705 2601 1770 2654 et
1835 2590 2337 2678 interpolatione
2408 2601 2781 2680 corruptum
2857 2615 3002 2658 esse

404 2714 786 2778 cognoscas,
878 2702 1108 2778 postea
1168 2691 1302 2754 alia
1353 2714 1583 2774 manu,
1645 2715 1814 2779 quae
1867 2693 2022 2756 mihi
2070 2716 2198 2756 non
2245 2694 2458 2757 multo
2488 2696 2812 2759 recentior
2857 2717 3002 2759 csse

405 2795 786 2876 videbatur,
855 2816 1048 2881 quam
1096 2816 1173 2857 ea
1217 2816 1384 2880 quae
1430 2795 1642 2880 ipsum
1685 2795 1923 2859 librum
1971 2796 2263 2880 scripsit,
2320 2794 2523 2860 multa
2567 2796 2783 2861 deleta
2823 2805 2889 2861 et
2935 2800 3002 2861 in

407 2899 701 2980 margine
748 2903 999 2958 mutata
1049 2905 1220 2959 sunt.
1294 2896 1454 2959 haec
1495 2918 1527 2959 s
1568 2896 1785 2958 littera
1830 2897 2139 2959 indicavi.
2217 2898 2481 2961 omnino
2520 2907 2739 2962 autem
2784 2899 3000 2962 minus

409 2999 760 3082 diligenter
814 2997 954 3059 eius
999 2996 1149 3060 libri
1195 2998 1521 3083 scriptura
1566 2998 1858 3061 indicata
1889 3006 2015 3075 est,
2055 3018 2245 3083 quam
2277 2997 2562 3062 Parisini
2593 3007 2660 3063 et
2690 2998 3001 3080 Gudiani,

406 3122 566 3187 quos
612 3099 1019 3185 potissimum
1066 3110 1327 3161 secutus
1370 3121 1533 3162 sum.
1609 3121 2000 3185 quamquam
2044 3122 2127 3162 ne
2173 3100 2252 3163 de
2295 3100 2394 3163 his
2440 3100 2704 3185 quidem
2749 3122 3004 3164 omnem

407 3202 817 3266 librariorum
860 3200 1341 3284 neglegentiam
1382 3210 1445 3263 et
1488 3201 1806 3287 quidquid
1856 3203 1922 3264 in
1965 3200 2299 3264 levissima
2343 3223 2600 3287 quaque
2645 3224 2715 3266 re
2763 3201 3002 3266 diserc-

407 3313 640 3392 parent
683 3303 999 3366 adnotare
1043 3301 1242 3366 volui.
1315 3303 1861 3387 interrogationes
1899 3312 1964 3365 et
1992 3302 2477 3389 responsioncS,
2521 3324 2689 3388 quae
2719 3304 2789 3366 in
2818 3303 3004 3368 libris

412 3406 611 3489 vulgo
666 3404 1051 3490 antepositis
1096 3410 1163 3467 A
1202 3414 1267 3467 et
1313 3408 1395 3467 M
1433 3404 1700 3487 litteris,
1767 3404 1889 3469 hoc
1947 3413 2046 3468 est
2101 3398 2504 3478 διδάσκαλος
2558 3417 2622 3468 et
2676 3400 3004 3489 μαθητήςς

412 3509 740 3572 indicatae
796 3515 975 3588 sunt,
1033 3506 1392 3570 maioribus
1450 3506 1685 3570 litteris
1744 3506 2116 3593 significare
2173 3506 2440 3593 placuit.
2531 3518 2816 3571 ceterum
2875 3529 3005 3571 non

413 3609 681 3673 difficile
742 3615 882 3671 erat
937 3608 1371 3694 posteriorum
1430 3600 2003 3693 grammaticorum
2055 3609 2501 3673 additamenta
2561 3612 2626 3674 iu
2671 3610 2793 3673 hoc
2838 3609 3005 3673 libro

412 3712 834 3796 investigare.
907 3709 1021 3773 sed
1056 3711 1359 3795 quoniam
1398 3733 1609 3797 neque
1651 3712 1868 3774 omnia
1911 3734 2077 3798 quae
2117 3720 2345 3796 postea
2374 3711 2599 3775 addita
2630 3721 2784 3776 sunt
2811 3713 3007 3776 certis

413 3813 781 3877 rationibus
826 3800 1086 3897 assequi
1135 3834 1345 3898 neque
1391 3814 1733 3899 pristinam
1780 3814 1933 3877 libri
1983 3814 2258 3877 formam
2314 3836 2461 3877 cum
2507 3814 2729 3901 aliqua
2773 3813 3008 3900 proba-

414 3914 666 3979 bilitate
710 3936 1096 3998 recuperare
1142 3913 1407 3997 licebat,
1477 3936 1684 4001 pauca
1728 3915 2101 3998 dumtaxat,
2162 3937 2329 4000 quae
2373 3916 2722 3980 manifesto
2767 3938 3007 3980 nexum

414 4017 885 4079 sententiarum
918 4016 1432 4102 perturbabant,
1479 4027 1609 4080 tam
1654 4038 1846 4102 quam
1890 4019 2110 4102 spuria
2154 4019 2398 4081 notavi.

584 4116 792 4181 Multo
848 4118 1352 4182 constantiorem
1414 4120 1605 4181 huius
1662 4118 1812 4182 libri
1871 4120 2175 4201 formam,
2240 4142 2429 4206 quam
2483 4120 2658 4183 illam
2711 4118 3007 4183 codicum

416 4241 612 4281 manu
644 4219 1031 4306 scriptorum
1065 4221 1467 4302 varietatem,
1495 4220 1668 4283 edita
1700 4220 2103 4307 exemplaria
2133 4220 2446 4285 exhibent
2460 4221 2547 4306 ²¹²).
2619 4244 2764 4284 nani
2798 4221 3011 4308 qualis

688 4360 822 4370 ο-ο--ι

550 4425 600 4492 *)
637 4429 720 4478 Dc
759 4428 956 4479 studiis
994 4426 1258 4477 Italorum
1296 4428 1352 4476 in
1390 4425 1491 4477 hoc
1527 4425 1697 4490 libro,
1738 4432 2036 4492 antequam
2076 4428 2220 4492 typis
2256 4426 2700 4478 exscriberentur
2736 4429 3012 4495 exempla·

414 4515 530 4574 ria,
578 4513 885 4563 conlocatis
930 4529 1037 4562 non
1087 4506 1359 4576 quaesivi.
1431 4512 1526 4561 sed
1574 4512 1823 4562 codicem
1870 4513 1999 4561 olim
2047 4528 2081 4561 a
2117 4513 2328 4577 Poggio
2378 4519 2434 4562 et
2470 4514 2764 4564 comitibus
2802 4516 2919 4565 cius
2957 4516 3014 4565 in

418 4597 760 4647 bibliotheca
798 4597 1153 4662 Sangallensi
1202 4598 1483 4647 inventum
1531 4613 1649 4645 esse
1701 4602 1944 4646 testatur
1980 4596 2220 4646 Cencius
2257 4598 2532 4647 Romanus
2571 4600 2627 4648 in
2665 4600 2909 4664 epistula
2947 4618 3014 4651 ex

418 4682 552 4731 urbe
591 4681 923 4731 Constantia
938 4682 1032 4731 -ad
1052 4683 1411 4731 Franciscum
1449 4681 1516 4731 ‹le
1542 4683 1724 4732 Fiana
1759 4683 1921 4743 data,
1962 4698 2121 4746 quam
2150 4698 2216 4730 ex
2243 4683 2435 4731 codice
2457 4683 2815 4747 Bergomcnsi
2843 4685 3016 4735 edidit

420 4766 717 4825 Querinius
758 4768 811 4815 in
850 4766 1091 4816 diatribc
1128 4768 1549 4830 praeliminaria
1598 4768 1666 4816 acl
1706 4768 1994 4816 Francisci
2033 4766 2268 4815 Barbari
2317 4767 2586 4832 epistulas
2635 4785 2684 4833 p.
2726 4770 2860 4819 VIII
2897 4787 3014 4836 sqq.

419 4865 581 4914 quam
620 4852 994 4900 narrationem
1033 4854 1289 4915 quoniam
1328 4853 1504 4901 minus
1541 4858 1729 4901 notam
1768 4868 1889 4901 esse
1914 4852 2092 4915 video,
2134 4868 2202 4901 ea
2229 4869 2368 4917 qnae
2395 4853 2500 4901 huc
2530 4856 2811 4917 pertinent
2838 4863 3012 4908 trans-
