3576 5595
1338 432 1564 496 LlBER
1608 432 1760 496 xvu
1803 443 1871 497 85
1885 442 2034 497 —89
2860 424 2979 491 157

493 567 534 607 p.
567 555 680 594 ποτε).
711 553 761 592 7⁶
790 552 832 593 r.
2580 558 2622 598 p.
2649 546 2715 587 53.
2743 547 2794 587 ω
2826 546 2878 589 x.

393 626 630 699 tiorem;
694 623 917 684 tirmior
973 622 1127 682 enim
1187 622 1276 681 iit*
1306 620 1568 701 promiss}
2491 617 2758 678 similiter
2799 638 2981 680 unum

391 727 683 787 hominem
731 725 982 785 dicimus
1034 723 1405 784 ‘ambulare’
1453 722 1526 783 ad
2419 767 2434 795 ,
2498 739 2616 781 non
2668 719 2825 799 quod
2872 720 2982 801 ipsi

391 828 706 901 ‘homini',
773 845 907 887 cum
967 824 1342 904 singulariter
1396 824 1567 884 dicim
2410 845 2417 883 ι
2466 823 2712 883 ‘unius’
2755 823 2983 884 numeri

392 929 741 990 intellectus,
842 930 1053 990 iterum
1104 929 1174 988 ad
1228 924 1523 1008 omninum
2416 924 2648 985 ‘nullus
2705 924 2982 998 ambulat,

344 1032 689 1092 sneminem
759 1031 1026 1112 inveui',
1104 1029 1381 1108 singulari
1453 1047 1568 1088 nun
2410 1036 2538 1088 ntes
2609 1027 2984 1106 singularem.

396 1134 601 1193 eodem
650 1134 823 1210 igitur
866 1131 1073 1203 mode,
1134 1150 1267 1191 cum
1327 1130 1594 1191 absoluta
1650 1138 1708 1189 et
1766 1148 1886 1192 non
1945 1127 2252 1190 discretiva
2297 1129 2452 1189 inest
2494 1128 2774 1209 prolatio,
2843 1127 2988 1189 dici-

397 1255 527 1296 mus
577 1236 800 1313 absque
845 1233 1192 1314 pronomine
1252 1232 1564 1312 ‘disputo,
1620 1231 1954 1311 disputas';
2025 1233 2117 1293 sin
2169 1239 2362 1292 autem
2415 1228 2685 1292 alicuius
2722 1232 2805 1292 rei
2862 1232 2983 1292 dis·
3017 1243 3086 1295 88

398 1338 717 1398 cretionem
778 1337 1043 1396 volumus
1105 1335 1509 1411 manifestare,
1578 1333 1845 1394 addimus
1896 1352 2252 1413 pronomen,
2313 1334 2480 1394 cuius
2538 1334 2839 1414 proprium
2897 1343 2988 1395 est

397 1439 732 1500 discernere
776 1455 1092 1518 personas:
1140 1456 1257 1496 non
1295 1435 1478 1508 enim,
1525 1439 1589 1496 dt
1628 1435 1955 1496 indicemus
1991 1454 2333 1515 personam,
2376 1436 2490 1497 hoc
2537 1437 2815 1511 facimus,
2858 1455 2985 1498 eam
3074 1510 3085 1517 ·

324 1559 371 1598 ιο
398 1542 553 1602 enim
600 1541 819 1601 habent
858 1539 916 1598 in
963 1558 1027 1600 se
1072 1538 1263 1599 verba.
1355 1538 1509 1598 unde
1572 1537 1794 1597 infinita
1854 1555 2089 1610 eorum,
2161 1538 2294 1616 quia
2358 1538 2637 1599 deficiunt
2695 1539 2985 1618 personis,

399 1652 574 1722 egent
617 1642 808 1703 verbis
851 1641 1207 1714 indicativis,
1262 1648 1325 1701 ut
1367 1639 1522 1717 quod
1564 1639 1729 1698 deest
1773 1657 1843 1698 ex
1893 1639 1984 1699 his
2028 1648 2347 1700 assumant.
2437 1658 2577 1718 ergo
2621 1641 2992 1702 discretionis

402 1765 614 1818 causa,
681 1754 738 1805 et
783 1744 1032 1805 maxime
1087 1743 1135 1803 si
1180 1742 1513 1803 coniunctio
1571 1741 1921 1815 assumitur,
1985 1760 2311 1821 pronomen
2370 1741 2603 1802 additur
2657 1743 2866 1817 verbo,
2927 1751 2992 1803 ut

401 1848 546 1924 ‘ego
588 1846 823 1924 quidem
869 1846 1039 1919 ass'ui,
1099 1855 1160 1906 tu
1207 1863 1342 1904 vero
1388 1845 1543 1903 non'
1588 1841 1673 1902 vel
1718 1845 1862 1920 ‘ego
1901 1843 2137 1920 quidem
2183 1843 2425 1923 scripsi,
2476 1843 2571 1903 ille
2614 1863 2745 1905 vero
2792 1845 2930 1922 legit
2948 1848 2990 1919 ²,

399 1947 488 2007 vel
542 1947 841 2027 amplioris
902 1966 1079 2008 causa
1137 1945 1587 2025 significantiae,
1651 1944 1710 2004 in
1767 1963 1883 2021 quo
1937 1954 2131 2005 tamen
2188 1944 2260 2004 ad
2310 1944 2456 2005 alios
2512 1964 2718 2006 omnes
2750 1946 2994 2006 *videtur

326 2067 374 2107 ¹5
403 2050 527 2110 fieri
564 2050 868 2123 discretio,
908 2056 972 2108 ut
1003 2047 1264 2108 Cicero
1299 2047 1358 2106 in
1392 2049 1414 2108 l
1444 2047 2024 2107 invectivarum:
2066 2066 2231 2120 noS,
2269 2065 2437 2120 nos,
2485 2046 2652 2107 dico
2695 2055 2990 2127 aperte,

404 2171 534 2211 nos
565 2151 939 2225 ,consules
978 2150 1360 2236 desumus,
1401 2148 1794 2227 intellegimus
1831 2147 2017 2221 enim,
2083 2148 2240 2226 quod
2287 2167 2461 2235 nemo
2508 2148 2656 2210 alius
2702 2148 2812 2209 nisi
2859 2168 2990 2210 noS.

403 2253 811 2313 Terentius
855 2252 914 2312 in
960 2252 1257 2312 Andria:

435 2340 442 2348 ’
1111 2358 1299 2431 ³sego
1348 2352 1517 2424 tibi,
1562 2352 1916 2425 furcifer,
1959 2353 2021 2413 si
2072 2353 2263 2427 vivo,

706 2454 1201 2530 †Ostendam,
1246 2455 1418 2532 quid
1464 2454 1562 2515 sit
1606 2453 1891 2533 pericli
1936 2454 2308 2517 dominum
2355 2454 2663 2531 saltere,

327 2580 378 2620 20
708 2557 797 2617 Et
842 2557 958 2617 illi
1004 2565 1302 2636 patrem.

403 2668 460 2720 et
504 2659 688 2739 prima
731 2658 963 2736 quidem
1010 2658 1097 2718 vel
1143 2659 1399 2719 secunda
1442 2678 1692 2738 persona
1735 2659 2077 2733 verborum,
2111 2659 2235 2742 *nisi
2276 2659 2286 2739 1
2324 2660 2697 2721 discretionis
2739 2660 2830 2720 vel
2876 2659 2994 2737 sig·
3029 2680 3099 2732 39

401 2762 748 2824 nificationis
808 2779 1020 2835 causa,
1080 2780 1198 2822 non
1243 2768 1417 2840 egent
1462 2761 1938 2841 pronominibus,
1995 2762 2214 2843 quippe
2268 2780 2401 2824 cum
2455 2763 2574 2824 sint
2628 2761 2992 2824 finitissimae

404 2865 766 2942 singulisque
823 2864 1063 2928 vocibus
1116 2883 1289 2944 pares
1341 2863 1595 2924 habeant
1647 2873 1707 2925 et
1755 2874 2100 2945 praesentes
2152 2864 2720 2940 demonstrationes3
2788 2865 2992 2925 tertiae

406 2984 540 3025 vero
581 2984 713 3025 cum
755 2965 870 3025 sint
918 2966 1403 3038 innumerabileS,
1452 2984 1567 3027 una
1612 2967 1772 3027 verbi
1827 2987 1968 3029 voce
2020 2976 2252 3031 utentes
2301 2968 2647 3029 necessario
2693 2966 2992 3029 confusio·

330 3090 381 3130 25
410 3086 542 3128 nem
607 3069 828 3128 faciunt
895 3067 1196 3128 infinitam.
1299 3068 1496 3146 itaque
1567 3070 1984 3131 convenienter
2036 3071 2108 3131 ad
2167 3089 2293 3130 eam
2350 3070 2798 3131 discernendam
2857 3088 2998 3150 pro-

409 3170 675 3242 nomina,
748 3186 896 3247 quae
962 3179 1099 3231 sunt
1169 3171 1362 3243 finita,
1436 3170 1834 3249 adiunguntur
1913 3173 2098 3233 tertiis
2166 3170 2327 3233 verbi
2395 3173 2698 3253 personiS,
2769 3179 2831 3234 ut
2890 3189 3000 3252 per
3061 3223 3065 3227 ,

410 3290 610 3332 eorum
670 3270 1054 3332 adiectionem
1116 3272 1335 3333 incerta
1406 3272 1751 3351 significatio
1824 3273 2087 3349 finiatur,
2159 3283 2222 3335 ut
2281 3275 2525 3336 ‘scribit
2596 3275 2722 3349 bic,
2795 3273 3000 3335 scribit

409 3372 533 3447 ille,
605 3372 808 3433 scribit
876 3374 1035 3453 ipse,
1110 3369 1313 3463 scribit
1379 3376 1458 3449 is,
1528 3375 1732 3436 scribit
1799 3374 2012 3435 idern'.
2115 3377 2543 3442 Sallustius
2611 3378 2669 3438 in
2714 3376 3002 3439 Catili-

551 3579 572 3628 l
615 3579 848 3643 dupplici
885 3582 936 3629 D
1077 3578 1490 3645 confirmatione]
1530 3596 1561 3628 r
1595 3566 1976 3630 constructione
2014 3581 2061 3630 R
2200 3579 2232 3629 3
2266 3577 2492 3645 homini]
2523 3597 2555 3629 r
2591 3582 2783 3631 nomini
2814 3582 2861 3631 R

410 3650 595 3698 dicitur
628 3647 764 3699 ODS
928 3648 1210 3715 inhaereat]
1254 3648 1376 3699 O?1
1417 3650 1643 3700 inherent
1675 3652 1924 3700 Damnst.⁸
1961 3652 2153 3700 inereat
2186 3650 2240 3698 Ν
2272 3652 2434 3700 inerat
2464 3653 2580 3703 rell.
2763 3649 2934 3718 nnius]
2973 3666 3007 3702 rr

413 3768 543 3812 unus
581 3753 627 3803 R
765 3752 989 3802 ambulat
1021 3753 1191 3804 bomo,
1238 3755 1489 3802 neminem
1528 3753 1640 3803 OSr
1777 3754 1811 3803 5
1847 3755 2020 3803 inueni
2058 3756 2253 3805 socium
2291 3752 2365 3804 Or
2398 3754 3003 3820 inuenisssociumssspo-

408 3825 541 3872 cium
576 3840 647 3874 sc.
689 3823 947 3873 delendum
984 3839 1097 3873 esse
1129 3819 1388 3886 indicans)
1423 3821 1464 3871 S
1632 3822 1947 3889 singularem
1985 3840 2251 3874 numerum
2293 3825 2632 3890 adiungeutes
2670 3823 2747 3875 0?
2912 3825 3006 3875 ad-

411 3892 693 3959 iungentes]
733 3895 771 3942 d
802 3894 1085 3957 adiungens
1122 3895 1171 3943 D
1345 3893 1379 3943 6
1421 3892 1610 3942 Eodem
1648 3909 1718 3943 ex
1757 3895 1827 3942 Eo
1869 3897 2006 3957 quod
2043 3911 2179 3949 cor-x.
2221 3896 2271 3945 L
2446 3896 2476 3944 7
2516 3897 2589 3944 rei
2632 3911 2724 3948 om.
2765 3894 2808 3944 S
2970 3895 3005 3945 8

410 3966 554 4013 cuin
583 3965 694 4025 (us)
733 3963 779 4013 R
923 3974 1000 4013 est
1038 3964 1302 4029 proprium
1340 3961 1510 4013 MSO?
1658 3974 1734 4011 est
1765 3979 1857 4014 om.
1898 3963 2001 4013 RL
2036 3966 2158 4014 add.
2196 3980 2227 4012 r
2375 3963 2410 4013 9
2445 3979 2694 4030 prosonas
2730 3965 2777 4014 L
2931 3964 3009 4012 in·

410 4034 637 4083 dicemus
676 4048 923 4097 personas
955 4031 998 4082 S
1154 4033 1218 4083 10
1256 4034 1307 4081 in
1342 4049 1399 4082 se
1437 4033 1595 4082 uerba
1630 4033 1817 4082 babent
1856 4034 1950 4081 M?
2101 4030 2362 4098 deficiunt]
2401 4049 2432 4081 r
2468 4035 2707 4085 deficiant
2741 4035 2787 4084 R
2941 4031 3002 4083 11

410 4104 475 4152 iis
513 4103 555 4152 0
712 4101 995 4168 assumant]
1032 4119 1062 4151 r·
1096 4104 1365 4153 adsumant
1401 4102 1559 4153 ΜΘΗ
1595 4116 1861 4153 assumunt
1895 4104 1941 4153 R
2119 4104 2433 4153 discritiouis
2472 4105 2519 4154 L
2701 4104 2763 4154 12
2802 4102 3008 4152 additur

412 4176 569 4222 uerbo
599 4187 876 4238 pronomen
912 4175 957 4225 R
1102 4173 1165 4224 13
1203 4174 1348 4223 adfui
1385 4172 1497 4223 MD
1657 4174 1719 4224 15
1756 4174 2016 4223 discretio.
2058 4174 2120 4223 Et
2157 4176 2323 4223 cicero
2357 4173 2398 4221 S
2545 4173 2646 4223 Cic.
2687 4176 2737 4222 in
2777 4172 2890 4224 Cal.
2925 4188 3005 4222 or.

411 4244 431 4291 l
473 4244 523 4303 1,
556 4245 589 4293 3
764 4246 1077 4294 uectium-um
1117 4243 1169 4291 K
1346 4258 1437 4293 nos
1476 4257 1568 4293 nos
1603 4242 1740 4307 dico]
1786 4249 2012 4294 nos‘non
2049 4246 2165 4294 dico
2202 4242 2412 4293 RMDL
2452 4257 2545 4292 nos
2582 4243 2696 4292 dico
2733 4258 2763 4290 r
2941 4241 3008 4292 16

409 4322 616 4377 apertae
647 4313 726 4362 ἣν
866 4329 957 4363 nos
995 4311 1252 4379 consules]
1292 4313 1529 4363 consules
1566 4315 1685 4364 libri
1718 4315 1820 4364 Cic.
1979 4314 2042 4364 17
2080 4315 2349 4363 terrentius
2390 4312 2501 4361 ML
2675 4312 2794 4366 Ter.
2834 4311 3004 4361 Andr.

413 4383 455 4430 V
495 4386 547 4444 2,
586 4383 654 4433 25
680 4400 791 4448 sqq.
832 4401 929 4447 ego
960 4385 1044 4449 pol
1083 4383 1267 4441 bodie,
1297 4385 1341 4433 si
1376 4388 1575 4445 vivam,
1616 4385 1707 4434 tibi
1739 4388 1746 4447 Ι
1779 4385 2081 4446 Ostendam,
2119 4398 2257 4433 erum
2294 4381 2420 4443 quid
2458 4383 2523 4430 sit
2560 4384 2742 4445 pericli
2781 4376 3009 4451 fallere,{

411 4452 473 4501 Et
509 4452 587 4502 illi
625 4463 821 4516 patrem
857 4454 954 4517 (sic
999 4455 1114 4504 Ter.
1153 4452 1323 4512 Bas.,·
1363 4453 1537 4504 Bemb.
1577 4454 1683 4518 def.
1729 4490 1744 4515 ,
1776 4456 1938 4517 primo
1974 4469 2123 4503 versu
2160 4470 2230 4502 ex
2264 4468 2376 4501 eun.
2422 4450 2467 4499 V
2500 4450 2553 4512 5,
2596 4449 2661 4501 19
2689 4467 2767 4516 sq.
2807 4467 2904 4517 ego
2940 4461 3008 4510 te,

410 4522 636 4583 furcifer,
671 4529 680 4589 Ι
714 4524 769 4571 Si
811 4524 923 4571 vivo
961 4525 1260 4585 interpolato
1440 4525 1503 4574 18
1543 4523 1669 4573 furci
1697 4522 1783 4588 er]
1825 4527 1875 4573 rl
1924 4523 2117 4573 furarer
2153 4523 2199 4572 R
2250 4522 2456 4571 forcit'er
2494 4519 2539 4568 l,
2711 4520 2775 4570 21
2829 4532 2878 4571 et
2927 4524 3007 4572 uel

412 4593 639 4642 secunda
668 4594 728 4642 M
767 4603 817 4641 et
852 4593 1075 4643 secunda
1108 4595 1149 4642 L
1293 4594 1373 4643 vel
1414 4592 1830 4660 significationis]
1870 4609 1961 4647 om.
1996 4593 2042 4643 R
2079 4592 2201 4642 add.
2240 4608 2270 4639 r
2309 4591 2387 4639 uel
2429 4588 2800 4653 significantiae
2830 4591 2872 4640 S

412 4663 479 4712 22
516 4655 706 4713 ''causa
736 4654 848 4712 ”uel
884 4663 1274 4730 significationis
1305 4664 1360 4712 N
1529 4664 1597 4712 25
1631 4663 1696 4712 ad
1741 4661 1882 4729 eam]
1936 4662 2001 4711 ad
2040 4661 2252 4712 eandem
2288 4658 2340 4707 Ν
2373 4658 2551 4709 eadem
2598 4660 2646 4708 L
2817 4662 3009 4712 discer-

413 4735 581 4782 nenda
617 4733 663 4781 L
812 4732 881 4783 26
918 4736 1170 4798 personis.
1223 4734 1408 4783 Eorum
1444 4742 1499 4782 ut
1535 4749 1629 4798 per
1664 4734 2000 4839 adizctiouem
2042 4735 2090 4780 D
2243 4744 2334 4795 per
2370 4743 2464 4808 EI?
2507 4729 2573 4778 Μ
2707 4731 2774 4782 27
2813 4732 3011 4797 signiti-

414 4853 545 4901 cstio
581 4854 729 4903 uerbi
775 4854 997 4908 finiatur.
1037 4855 1091 4903 N
1259 4855 1467 4919 scripsit
1512 4854 1601 4903 ille
1650 4854 1863 4921 scripsit
1913 4855 2025 4917 ipse
2076 4852 2157 4902 Ην
2207 4850 2412 4914 scripsit
2461 4849 2547 4899 iile
2592 4852 2769 4899 scribit
2804 4853 2918 4917 ipse
2958 4852 3008 4901 L

417 4922 594 4971 scribit
626 4925 712 4972 ille
742 4923 916 4973 scribit
950 4926 1045 4973 iste
1082 4924 1261 4975 scribit
1296 4925 1407 4989 ipse
1444 4922 1486 4974 0
1625 4925 1694 4975 28
1722 4924 1886 4973 isdem
1908 4922 1950 4973 S
2104 4920 2231 4971 Sall.
2255 4920 2368 4971 Cat.
2394 4923 2444 4980 2,
2465 4920 2499 4971 9
2528 4920 2596 4983 cs.
2619 4920 2705 4970 lib.
2727 4919 2847 4971 XVI
2884 4923 2916 4983 s
2949 4919 3009 4970 13
