<?xml version="1.0" encoding="UTF-8"?>
<!DOCTYPE html PUBLIC "-//W3C//DTD XHTML 1.0 Transitional//EN"
    "http://www.w3.org/TR/xhtml1/DTD/xhtml1-transitional.dtd">
<html xmlns="http://www.w3.org/1999/xhtml" xml:lang="en" lang="en">
 <head>
  <title>
</title>
<meta http-equiv="Content-Type" content="text/html;charset=utf-8" />
  <meta name='ocr-system' content='tesseract 3.04.00' />
  <meta name='ocr-capabilities' content='ocr_page ocr_carea ocr_par ocr_line ocrx_word'/>
</head>
<body>
  <div class='ocr_page' id='page_1' title='image "./grammaticilatin06hagagoog_0504.png"; bbox 0 0 3576 5595; ppageno 0'>
   <div class='ocr_carea' id='block_1_1' title="bbox 572 395 2051 494">
    <p class='ocr_par' dir='ltr' id='par_1_1' title="bbox 572 395 2051 494">
     <span class='ocr_line' id='line_1_1' title="bbox 572 395 2051 494; baseline 0 -36"><span class='ocrx_word' id='word_1_1' title='bbox 572 395 696 470; x_wconf 61' lang='lat'><strong>475</strong></span> <span class='ocrx_word' id='word_1_2' title='bbox 1635 475 1654 494; x_wconf 81' lang='lat'><strong>.</strong></span> <span class='ocrx_word' id='word_1_3' title='bbox 1680 397 2051 459; x_wconf 71' lang='lat' dir='ltr'><strong>PntsctANt</strong></span> 
     </span>
    </p>
   </div>
   <div class='ocr_carea' id='block_1_2' title="bbox 568 511 3169 660">
    <p class='ocr_par' dir='ltr' id='par_1_2' title="bbox 568 511 3169 660">
     <span class='ocr_line' id='line_1_2' title="bbox 675 511 3062 566; baseline 0.002 -15"><span class='ocrx_word' id='word_1_4' title='bbox 675 524 719 563; x_wconf 70' lang='lat' dir='ltr'><strong>p.</strong></span> <span class='ocrx_word' id='word_1_5' title='bbox 747 511 860 550; x_wconf 72' lang='lat'><strong>1240.</strong></span> <span class='ocrx_word' id='word_1_6' title='bbox 891 511 938 551; x_wconf 57' lang='grc' dir='ltr'><strong>ιι</strong></span> <span class='ocrx_word' id='word_1_7' title='bbox 970 511 1017 550; x_wconf 78' lang='grc' dir='ltr'><strong>Ρ.</strong></span> <span class='ocrx_word' id='word_1_8' title='bbox 1179 525 1184 530; x_wconf 86' lang='lat'><strong>·</strong></span> <span class='ocrx_word' id='word_1_9' title='bbox 2727 525 2771 566; x_wconf 77' lang='lat' dir='ltr'><strong>p.</strong></span> <span class='ocrx_word' id='word_1_10' title='bbox 2803 513 2895 556; x_wconf 72' lang='lat' dir='ltr'><strong>sos.</strong></span> <span class='ocrx_word' id='word_1_11' title='bbox 2930 515 2972 554; x_wconf 80' lang='lat'><strong>9.</strong></span> <span class='ocrx_word' id='word_1_12' title='bbox 3007 514 3062 555; x_wconf 80' lang='grc' dir='ltr'><strong>κ.</strong></span> 
     </span>
     <span class='ocr_line' id='line_1_3' title="bbox 568 571 3169 660; baseline 0.002 -19"><span class='ocrx_word' id='word_1_13' title='bbox 568 592 764 641; x_wconf 88' lang='lat' dir='ltr'><strong>autem</strong></span> <span class='ocrx_word' id='word_1_14' title='bbox 797 571 908 660; x_wconf 81' lang='lat' dir='ltr'><strong>per</strong></span> <span class='ocrx_word' id='word_1_15' title='bbox 935 581 1025 642; x_wconf 89' lang='lat' dir='ltr'><strong>dis</strong></span> <span class='ocrx_word' id='word_1_16' title='bbox 1073 583 1294 642; x_wconf 83' lang='lat' dir='ltr'><strong>faciunt</strong></span> <span class='ocrx_word' id='word_1_17' title='bbox 1335 583 1698 658; x_wconf 78' lang='lat' dir='ltr'><strong>genetivum,</strong></span> <span class='ocrx_word' id='word_1_18' title='bbox 1739 583 2030 659; x_wconf 71' lang='lat' dir='ltr'><strong>significat</strong></span> <span class='ocrx_word' id='word_1_19' title='bbox 2075 584 2297 644; x_wconf 73' lang='lat' dir='ltr'><strong>frondis</strong></span> <span class='ocrx_word' id='word_1_20' title='bbox 2341 573 2449 659; x_wconf 81' lang='grc' dir='ltr'><strong>τὴν</strong></span> <span class='ocrx_word' id='word_1_21' title='bbox 2494 579 2788 658; x_wconf 78' lang='grc' dir='ltr'><strong>φυλλάδὰ,</strong></span> <span class='ocrx_word' id='word_1_22' title='bbox 2830 585 3020 645; x_wconf 90' lang='lat' dir='ltr'><strong>lendis</strong></span> <span class='ocrx_word' id='word_1_23' title='bbox 3063 605 3169 645; x_wconf 89' lang='lat' dir='ltr'><strong>au·</strong></span> 
     </span>
    </p>
   </div>
   <div class='ocr_carea' id='block_1_3' title="bbox 469 673 3210 1169">
    <p class='ocr_par' dir='ltr' id='par_1_3' title="bbox 469 673 3210 1169">
     <span class='ocr_line' id='line_1_4' title="bbox 469 673 3165 765; baseline 0.002 -24"><span class='ocrx_word' id='word_1_24' title='bbox 469 692 537 742; x_wconf 75' lang='lat'><strong>83</strong></span> <span class='ocrx_word' id='word_1_25' title='bbox 578 691 694 742; x_wconf 87' lang='lat' dir='ltr'><strong>tem</strong></span> <span class='ocrx_word' id='word_1_26' title='bbox 733 673 799 740; x_wconf 81' lang='grc' dir='ltr'>τὸ</span> <span class='ocrx_word' id='word_1_27' title='bbox 845 682 1128 742; x_wconf 80' lang='grc' dir='ltr'><strong><em>κυνίδιον.</em></strong></span> <span class='ocrx_word' id='word_1_28' title='bbox 1211 693 1513 763; x_wconf 86' lang='lat' dir='ltr'><strong>praeterea</strong></span> <span class='ocrx_word' id='word_1_29' title='bbox 1560 683 1726 760; x_wconf 81' lang='lat' dir='ltr'><strong>glans</strong></span> <span class='ocrx_word' id='word_1_30' title='bbox 1770 703 1976 744; x_wconf 78' lang='lat' dir='ltr'><strong>vecors</strong></span> <span class='ocrx_word' id='word_1_31' title='bbox 2021 704 2273 744; x_wconf 87' lang='lat' dir='ltr'><strong>concors</strong></span> <span class='ocrx_word' id='word_1_32' title='bbox 2316 685 2562 744; x_wconf 87' lang='lat' dir='ltr'><strong>discors.</strong></span> <span class='ocrx_word' id='word_1_33' title='bbox 2588 751 2601 764; x_wconf 56' lang='lat'>‚</span> <span class='ocrx_word' id='word_1_34' title='bbox 2660 686 2985 765; x_wconf 82' lang='lat' dir='ltr'><strong>libripenS,</strong></span> <span class='ocrx_word' id='word_1_35' title='bbox 3030 688 3165 765; x_wconf 81' lang='lat' dir='ltr'><strong>quia</strong></span> 
     </span>
     <span class='ocr_line' id='line_1_5' title="bbox 568 783 3163 864; baseline 0.002 -20"><span class='ocrx_word' id='word_1_36' title='bbox 568 802 599 844; x_wconf 87' lang='lat' dir='ltr'><strong>a</strong></span> <span class='ocrx_word' id='word_1_37' title='bbox 649 784 825 844; x_wconf 87' lang='lat' dir='ltr'><strong>verbo</strong></span> <span class='ocrx_word' id='word_1_38' title='bbox 880 785 1071 864; x_wconf 89' lang='lat' dir='ltr'><strong>pendo</strong></span> <span class='ocrx_word' id='word_1_39' title='bbox 1133 783 1534 864; x_wconf 79' lang='lat' dir='ltr'><strong>componitur,</strong></span> <span class='ocrx_word' id='word_1_40' title='bbox 1597 794 2020 846; x_wconf 77' lang='lat' dir='ltr'><strong>consonantem</strong></span> <span class='ocrx_word' id='word_1_41' title='bbox 2092 787 2248 847; x_wconf 74' lang='lat' dir='ltr'><strong>verbi</strong></span> <span class='ocrx_word' id='word_1_42' title='bbox 2294 795 2514 856; x_wconf 86' lang='lat' dir='ltr'><strong>servat,</strong></span> <span class='ocrx_word' id='word_1_43' title='bbox 2562 787 2787 848; x_wconf 75' lang='lat' dir='ltr'><strong>faciens</strong></span> <span class='ocrx_word' id='word_1_44' title='bbox 2831 788 3163 864; x_wconf 77' lang='lat' dir='ltr'><strong>genetivum</strong></span> 
     </span>
     <span class='ocr_line' id='line_1_6' title="bbox 567 877 3165 966; baseline 0.001 -20"><span class='ocrx_word' id='word_1_45' title='bbox 567 905 674 965; x_wconf 89' lang='lat' dir='ltr'><strong>per</strong></span> <span class='ocrx_word' id='word_1_46' title='bbox 703 877 834 959; x_wconf 73' lang='lat' dir='ltr'><strong>dis,</strong></span> <span class='ocrx_word' id='word_1_47' title='bbox 883 886 1244 965; x_wconf 88' lang='lat' dir='ltr'><strong>libripendis.</strong></span> <span class='ocrx_word' id='word_1_48' title='bbox 1338 885 1450 946; x_wconf 81' lang='lat' dir='ltr'><strong>Fac</strong></span> <span class='ocrx_word' id='word_1_49' title='bbox 1496 887 1568 946; x_wconf 84' lang='lat' dir='ltr'><strong>ab</strong></span> <span class='ocrx_word' id='word_1_50' title='bbox 1613 907 1683 945; x_wconf 90' lang='lat' dir='ltr'><strong>eo</strong></span> <span class='ocrx_word' id='word_1_51' title='bbox 1730 887 2125 947; x_wconf 75' lang='lat' dir='ltr'><strong>derivativum.</strong></span> <span class='ocrx_word' id='word_1_52' title='bbox 2217 888 2325 948; x_wconf 85' lang='lat' dir='ltr'><strong>llic</strong></span> <span class='ocrx_word' id='word_1_53' title='bbox 2372 896 2428 947; x_wconf 92' lang='lat' dir='ltr'><strong>et</strong></span> <span class='ocrx_word' id='word_1_54' title='bbox 2472 889 2616 948; x_wconf 88' lang='lat' dir='ltr'><strong>baec</strong></span> <span class='ocrx_word' id='word_1_55' title='bbox 2669 889 2901 966; x_wconf 81' lang='lat' dir='ltr'><strong>gentilis</strong></span> <span class='ocrx_word' id='word_1_56' title='bbox 2949 898 3006 948; x_wconf 92' lang='lat' dir='ltr'><strong>et</strong></span> <span class='ocrx_word' id='word_1_57' title='bbox 3052 890 3165 949; x_wconf 83' lang='lat' dir='ltr'><strong>boc</strong></span> 
     </span>
     <span class='ocr_line' id='line_1_7' title="bbox 567 988 3210 1068; baseline 0.001 -20"><span class='ocrx_word' id='word_1_58' title='bbox 567 988 802 1065; x_wconf 87' lang='lat' dir='ltr'><strong>gentile.</strong></span> <span class='ocrx_word' id='word_1_59' title='bbox 865 989 1090 1048; x_wconf 76' lang='lat' dir='ltr'><strong>videtur</strong></span> <span class='ocrx_word' id='word_1_60' title='bbox 1133 988 1304 1047; x_wconf 87' lang='lat' dir='ltr'><strong>etiam</strong></span> <span class='ocrx_word' id='word_1_61' title='bbox 1351 1007 1539 1064; x_wconf 82' lang='lat' dir='ltr'><strong>genus</strong></span> <span class='ocrx_word' id='word_1_62' title='bbox 1586 1008 1618 1049; x_wconf 89' lang='lat' dir='ltr'><strong>a</strong></span> <span class='ocrx_word' id='word_1_63' title='bbox 1665 998 1837 1066; x_wconf 86' lang='lat' dir='ltr'><strong>gente</strong></span> <span class='ocrx_word' id='word_1_64' title='bbox 1883 988 2168 1063; x_wconf 78' lang='lat' dir='ltr'><strong>derivari,</strong></span> <span class='ocrx_word' id='word_1_65' title='bbox 2214 990 2368 1050; x_wconf 90' lang='lat' dir='ltr'><strong>unde</strong></span> <span class='ocrx_word' id='word_1_66' title='bbox 2413 998 2471 1049; x_wconf 88' lang='lat' dir='ltr'><strong>et</strong></span> <span class='ocrx_word' id='word_1_67' title='bbox 2514 990 2722 1066; x_wconf 84' lang='lat' dir='ltr'><strong>genius</strong></span> <span class='ocrx_word' id='word_1_68' title='bbox 2769 999 2827 1049; x_wconf 89' lang='lat' dir='ltr'><strong>et</strong></span> <span class='ocrx_word' id='word_1_69' title='bbox 2869 991 3210 1068; x_wconf 71' lang='lat' dir='ltr'><strong>generalisz</strong></span> 
     </span>
     <span class='ocr_line' id='line_1_8' title="bbox 568 1089 2467 1169; baseline 0.002 -21"><span class='ocrx_word' id='word_1_70' title='bbox 568 1098 626 1150; x_wconf 87' lang='lat' dir='ltr'><strong>et</strong></span> <span class='ocrx_word' id='word_1_71' title='bbox 665 1109 1023 1166; x_wconf 76' lang='lat' dir='ltr'><strong>generosuS,</strong></span> <span class='ocrx_word' id='word_1_72' title='bbox 1068 1098 1125 1148; x_wconf 87' lang='lat' dir='ltr'><strong>et</strong></span> <span class='ocrx_word' id='word_1_73' title='bbox 1170 1089 1492 1169; x_wconf 86' lang='lat' dir='ltr'><strong>composita</strong></span> <span class='ocrx_word' id='word_1_74' title='bbox 1542 1089 1812 1166; x_wconf 79' lang='lat' dir='ltr'><strong>indigena</strong></span> <span class='ocrx_word' id='word_1_75' title='bbox 1860 1090 2149 1168; x_wconf 80' lang='lat' dir='ltr'><strong>ingenuus</strong></span> <span class='ocrx_word' id='word_1_76' title='bbox 2192 1093 2467 1169; x_wconf 78' lang='lat' dir='ltr'><strong>degener.</strong></span> 
     </span>
    </p>
   </div>
   <div class='ocr_carea' id='block_1_4' title="bbox 1793 1325 1921 1376">
    <p class='ocr_par' dir='ltr' id='par_1_4' title="bbox 1793 1325 1921 1376">
     <span class='ocr_line' id='line_1_9' title="bbox 1793 1325 1921 1376; baseline 0 -1"><span class='ocrx_word' id='word_1_77' title='bbox 1793 1325 1921 1376; x_wconf 85' lang='lat'>1111.</span> 
     </span>
    </p>
   </div>
   <div class='ocr_carea' id='block_1_5' title="bbox 1095 1465 2640 1508">
    <p class='ocr_par' dir='ltr' id='par_1_5' title="bbox 1095 1465 2640 1508">
     <span class='ocr_line' id='line_1_10' title="bbox 1095 1465 2640 1508; baseline -0.001 -1"><span class='ocrx_word' id='word_1_78' title='bbox 1095 1467 1176 1507; x_wconf 78' lang='grc' dir='ltr'><strong>ΔΤ</strong></span> <span class='ocrx_word' id='word_1_79' title='bbox 1225 1465 1466 1507; x_wconf 75' lang='lat' dir='ltr'><strong>REGINA</strong></span> <span class='ocrx_word' id='word_1_80' title='bbox 1509 1466 1708 1507; x_wconf 75' lang='lat' dir='ltr'>GRAvx</span> <span class='ocrx_word' id='word_1_81' title='bbox 1755 1467 1869 1505; x_wconf 75' lang='lat' dir='ltr'><strong>IAM</strong></span> <span class='ocrx_word' id='word_1_82' title='bbox 1910 1467 2136 1508; x_wconf 69' lang='lat' dir='ltr'>DVDVM</span> <span class='ocrx_word' id='word_1_83' title='bbox 2180 1466 2412 1508; x_wconf 71' lang='lat' dir='ltr'>SAVOIA</span> <span class='ocrx_word' id='word_1_84' title='bbox 2453 1467 2640 1508; x_wconf 76' lang='lat' dir='ltr'>CVRA-</span> 
     </span>
    </p>
   </div>
   <div class='ocr_carea' id='block_1_6' title="bbox 457 1599 3232 3919">
    <p class='ocr_par' dir='ltr' id='par_1_6' title="bbox 465 1599 3232 2187">
     <span class='ocr_line' id='line_1_11' title="bbox 465 1599 3159 1676; baseline 0 -15"><span class='ocrx_word' id='word_1_85' title='bbox 465 1616 534 1667; x_wconf 83' lang='lat'><strong>84</strong></span> <span class='ocrx_word' id='word_1_86' title='bbox 742 1599 971 1671; x_wconf 88' lang='lat' dir='ltr'><strong>Scande</strong></span> <span class='ocrx_word' id='word_1_87' title='bbox 1021 1617 1271 1659; x_wconf 77' lang='lat' dir='ltr'><strong>versum.</strong></span> <span class='ocrx_word' id='word_1_88' title='bbox 1363 1601 1433 1659; x_wconf 82' lang='lat' dir='ltr'><strong>At</strong></span> <span class='ocrx_word' id='word_1_89' title='bbox 1469 1618 1532 1658; x_wconf 87' lang='lat' dir='ltr'><strong>re</strong></span> <span class='ocrx_word' id='word_1_90' title='bbox 1614 1599 1747 1676; x_wconf 83' lang='lat' dir='ltr'><strong>gina</strong></span> <span class='ocrx_word' id='word_1_91' title='bbox 1782 1619 1883 1676; x_wconf 85' lang='lat' dir='ltr'><strong>gra</strong></span> <span class='ocrx_word' id='word_1_92' title='bbox 1968 1599 2018 1660; x_wconf 83' lang='lat' dir='ltr'><strong>vi</strong></span> <span class='ocrx_word' id='word_1_93' title='bbox 2051 1600 2163 1659; x_wconf 89' lang='lat' dir='ltr'><strong>iam</strong></span> <span class='ocrx_word' id='word_1_94' title='bbox 2238 1599 2456 1660; x_wconf 87' lang='lat' dir='ltr'><strong>dudum</strong></span> <span class='ocrx_word' id='word_1_95' title='bbox 2537 1601 2733 1660; x_wconf 86' lang='lat' dir='ltr'><strong>saucia</strong></span> <span class='ocrx_word' id='word_1_96' title='bbox 2804 1620 2962 1661; x_wconf 85' lang='lat' dir='ltr'><strong>cura.</strong></span> <span class='ocrx_word' id='word_1_97' title='bbox 3053 1601 3159 1662; x_wconf 88' lang='lat' dir='ltr'><strong>Dic</strong></span> 
     </span>
     <span class='ocr_line' id='line_1_12' title="bbox 566 1701 3232 1779; baseline 0.001 -18"><span class='ocrx_word' id='word_1_98' title='bbox 566 1721 861 1762; x_wconf 63' lang='lat' dir='ltr'><strong>caesuras</strong></span> <span class='ocrx_word' id='word_1_99' title='bbox 955 1701 1411 1778; x_wconf 88' lang='lat' dir='ltr'><strong>Semiquinaria,</strong></span> <span class='ocrx_word' id='word_1_100' title='bbox 1477 1709 1535 1761; x_wconf 87' lang='lat' dir='ltr'><strong>at</strong></span> <span class='ocrx_word' id='word_1_101' title='bbox 1590 1701 1790 1778; x_wconf 84' lang='lat' dir='ltr'><strong>regina</strong></span> <span class='ocrx_word' id='word_1_102' title='bbox 1845 1701 2019 1779; x_wconf 71' lang='lat' dir='ltr'><strong>gravi.</strong></span> <span class='ocrx_word' id='word_1_103' title='bbox 2114 1701 2269 1771; x_wconf 82' lang='lat' dir='ltr'><strong>Quot</strong></span> <span class='ocrx_word' id='word_1_104' title='bbox 2330 1704 2645 1779; x_wconf 75' lang='lat' dir='ltr'><strong>figurarum</strong></span> <span class='ocrx_word' id='word_1_105' title='bbox 2693 1711 2781 1762; x_wconf 90' lang='lat' dir='ltr'><strong>est</strong></span> <span class='ocrx_word' id='word_1_106' title='bbox 2803 1701 2833 1762; x_wconf 68' lang='grc' dir='ltr'><strong>’ἶ</strong></span> <span class='ocrx_word' id='word_1_107' title='bbox 2918 1703 3151 1763; x_wconf 86' lang='lat' dir='ltr'><strong>Decem.</strong></span> <span class='ocrx_word' id='word_1_108' title='bbox 3182 1726 3232 1764; x_wconf 84' lang='grc' dir='ltr'><strong>ιο</strong></span> 
     </span>
     <span class='ocr_line' id='line_1_13' title="bbox 567 1801 3157 1883; baseline -0 -19"><span class='ocrx_word' id='word_1_109' title='bbox 567 1805 737 1864; x_wconf 87' lang='lat' dir='ltr'><strong>habet</strong></span> <span class='ocrx_word' id='word_1_110' title='bbox 784 1803 939 1863; x_wconf 87' lang='lat' dir='ltr'><strong>enim</strong></span> <span class='ocrx_word' id='word_1_111' title='bbox 986 1811 1107 1863; x_wconf 82' lang='lat' dir='ltr'><strong>tres</strong></span> <span class='ocrx_word' id='word_1_112' title='bbox 1153 1801 1450 1881; x_wconf 88' lang='lat' dir='ltr'><strong>spondeos</strong></span> <span class='ocrx_word' id='word_1_113' title='bbox 1493 1810 1550 1862; x_wconf 87' lang='lat' dir='ltr'><strong>et</strong></span> <span class='ocrx_word' id='word_1_114' title='bbox 1593 1803 1741 1868; x_wconf 85' lang='lat' dir='ltr'><strong>duos</strong></span> <span class='ocrx_word' id='word_1_115' title='bbox 1786 1802 2069 1880; x_wconf 69' lang='lat' dir='ltr'><strong>dactylos.</strong></span> <span class='ocrx_word' id='word_1_116' title='bbox 2161 1803 2369 1863; x_wconf 86' lang='lat' dir='ltr'><strong>Tracta</strong></span> <span class='ocrx_word' id='word_1_117' title='bbox 2425 1804 2623 1883; x_wconf 77' lang='lat' dir='ltr'><strong>pedes,</strong></span> <span class='ocrx_word' id='word_1_118' title='bbox 2715 1806 2857 1865; x_wconf 80' lang='lat' dir='ltr'><strong>Atre</strong></span> <span class='ocrx_word' id='word_1_119' title='bbox 2888 1809 3157 1880; x_wconf 72' lang='lat' dir='ltr'><strong>qinaqra</strong></span> 
     </span>
     <span class='ocr_line' id='line_1_14' title="bbox 565 1904 3156 1985; baseline 0.001 -21"><span class='ocrx_word' id='word_1_120' title='bbox 565 1910 741 1965; x_wconf 71' lang='lat' dir='ltr'><strong>uliam</strong></span> <span class='ocrx_word' id='word_1_121' title='bbox 784 1907 1009 1965; x_wconf 79' lang='lat' dir='ltr'><strong>(ludum</strong></span> <span class='ocrx_word' id='word_1_122' title='bbox 1053 1908 1263 1963; x_wconf 76' lang='lat' dir='ltr'><strong>saucia</strong></span> <span class='ocrx_word' id='word_1_123' title='bbox 1298 1922 1470 1964; x_wconf 77' lang='lat' dir='ltr'><strong>cura.</strong></span> <span class='ocrx_word' id='word_1_124' title='bbox 1559 1905 1761 1965; x_wconf 81' lang='lat' dir='ltr'><strong>Partes</strong></span> <span class='ocrx_word' id='word_1_125' title='bbox 1816 1904 2098 1964; x_wconf 88' lang='lat' dir='ltr'><strong>orationis</strong></span> <span class='ocrx_word' id='word_1_126' title='bbox 2155 1913 2299 1981; x_wconf 85' lang='lat' dir='ltr'><strong>quot</strong></span> <span class='ocrx_word' id='word_1_127' title='bbox 2353 1905 2574 1965; x_wconf 80' lang='lat' dir='ltr'><strong>habet?</strong></span> <span class='ocrx_word' id='word_1_128' title='bbox 2649 1906 2906 1985; x_wconf 87' lang='lat' dir='ltr'><strong>Septem.</strong></span> <span class='ocrx_word' id='word_1_129' title='bbox 3000 1911 3156 1976; x_wconf 77' lang='lat' dir='ltr'><strong>Quot</strong></span> 
     </span>
     <span class='ocr_line' id='line_1_15' title="bbox 565 2005 3157 2083; baseline 0.001 -16"><span class='ocrx_word' id='word_1_130' title='bbox 565 2006 844 2068; x_wconf 80' lang='lat' dir='ltr'><strong>nomina?</strong></span> <span class='ocrx_word' id='word_1_131' title='bbox 891 2010 1212 2080; x_wconf 75' lang='lat' dir='ltr'><strong>Quattuor,</strong></span> <span class='ocrx_word' id='word_1_132' title='bbox 1263 2007 1459 2083; x_wconf 83' lang='lat' dir='ltr'><strong>regina</strong></span> <span class='ocrx_word' id='word_1_133' title='bbox 1509 2006 1666 2082; x_wconf 75' lang='lat' dir='ltr'><strong>gravi</strong></span> <span class='ocrx_word' id='word_1_134' title='bbox 1713 2007 1906 2066; x_wconf 86' lang='lat' dir='ltr'><strong>saucia</strong></span> <span class='ocrx_word' id='word_1_135' title='bbox 1955 2025 2112 2065; x_wconf 72' lang='lat' dir='ltr'><strong>(rum.</strong></span> <span class='ocrx_word' id='word_1_136' title='bbox 2204 2006 2278 2066; x_wconf 86' lang='lat' dir='ltr'><strong>Et</strong></span> <span class='ocrx_word' id='word_1_137' title='bbox 2323 2006 2459 2083; x_wconf 88' lang='lat' dir='ltr'><strong>quid</strong></span> <span class='ocrx_word' id='word_1_138' title='bbox 2506 2005 2707 2066; x_wconf 79' lang='lat' dir='ltr'><strong>aliud?</strong></span> <span class='ocrx_word' id='word_1_139' title='bbox 2790 2007 2968 2067; x_wconf 88' lang='lat' dir='ltr'><strong>Vnam</strong></span> <span class='ocrx_word' id='word_1_140' title='bbox 3016 2028 3157 2070; x_wconf 90' lang='lat' dir='ltr'><strong>con·</strong></span> 
     </span>
     <span class='ocr_line' id='line_1_16' title="bbox 566 2106 3017 2187; baseline 0 -18"><span class='ocrx_word' id='word_1_141' title='bbox 566 2109 958 2182; x_wconf 87' lang='lat' dir='ltr'><strong>iunctionem,</strong></span> <span class='ocrx_word' id='word_1_142' title='bbox 1007 2114 1095 2178; x_wconf 90' lang='lat' dir='ltr'><strong>at,</strong></span> <span class='ocrx_word' id='word_1_143' title='bbox 1143 2116 1201 2166; x_wconf 90' lang='lat' dir='ltr'><strong>et</strong></span> <span class='ocrx_word' id='word_1_144' title='bbox 1244 2107 1359 2168; x_wconf 88' lang='lat' dir='ltr'><strong>duo</strong></span> <span class='ocrx_word' id='word_1_145' title='bbox 1405 2106 1706 2181; x_wconf 84' lang='lat' dir='ltr'><strong>adverbia,</strong></span> <span class='ocrx_word' id='word_1_146' title='bbox 1750 2107 1862 2167; x_wconf 90' lang='lat' dir='ltr'><strong>iam</strong></span> <span class='ocrx_word' id='word_1_147' title='bbox 1910 2107 2150 2167; x_wconf 86' lang='lat' dir='ltr'><strong>dudum.</strong></span> <span class='ocrx_word' id='word_1_148' title='bbox 2241 2107 2448 2168; x_wconf 86' lang='lat' dir='ltr'><strong>Tracta</strong></span> <span class='ocrx_word' id='word_1_149' title='bbox 2499 2107 2761 2185; x_wconf 81' lang='lat' dir='ltr'><strong>singulas</strong></span> <span class='ocrx_word' id='word_1_150' title='bbox 2801 2118 3017 2187; x_wconf 76' lang='lat' dir='ltr'><strong>parteS.</strong></span> 
     </span>
    </p>

    <p class='ocr_par' dir='ltr' id='par_1_7' title="bbox 735 2208 3225 2289">
     <span class='ocr_line' id='line_1_17' title="bbox 735 2208 3225 2289; baseline -0 -16"><span class='ocrx_word' id='word_1_151' title='bbox 735 2215 814 2273; x_wconf 80' lang='lat' dir='ltr'><strong>At</strong></span> <span class='ocrx_word' id='word_1_152' title='bbox 858 2229 1007 2288; x_wconf 88' lang='lat' dir='ltr'><strong>quae</strong></span> <span class='ocrx_word' id='word_1_153' title='bbox 1053 2229 1189 2289; x_wconf 88' lang='lat' dir='ltr'><strong>pars</strong></span> <span class='ocrx_word' id='word_1_154' title='bbox 1233 2209 1514 2269; x_wconf 88' lang='lat' dir='ltr'><strong>orationis</strong></span> <span class='ocrx_word' id='word_1_155' title='bbox 1559 2208 1689 2270; x_wconf 81' lang='lat' dir='ltr'><strong>est?</strong></span> <span class='ocrx_word' id='word_1_156' title='bbox 1763 2209 2130 2270; x_wconf 87' lang='lat' dir='ltr'><strong>Coniunctio.</strong></span> <span class='ocrx_word' id='word_1_157' title='bbox 2223 2209 2374 2279; x_wconf 81' lang='lat' dir='ltr'><strong>Quid</strong></span> <span class='ocrx_word' id='word_1_158' title='bbox 2417 2220 2508 2270; x_wconf 89' lang='lat' dir='ltr'><strong>est</strong></span> <span class='ocrx_word' id='word_1_159' title='bbox 2558 2209 2935 2270; x_wconf 73' lang='lat' dir='ltr'><strong>coniunctio?</strong></span> <span class='ocrx_word' id='word_1_160' title='bbox 3009 2212 3151 2272; x_wconf 85' lang='lat' dir='ltr'><strong>Pars</strong></span> <span class='ocrx_word' id='word_1_161' title='bbox 3180 2238 3225 2273; x_wconf 67' lang='grc' dir='ltr'><strong>ις.</strong></span> 
     </span>
    </p>

    <p class='ocr_par' dir='ltr' id='par_1_8' title="bbox 457 2310 3223 2900">
     <span class='ocr_line' id='line_1_18' title="bbox 457 2310 3155 2389; baseline -0.002 -10"><span class='ocrx_word' id='word_1_162' title='bbox 457 2329 528 2380; x_wconf 76' lang='lat'><strong>85</strong></span> <span class='ocrx_word' id='word_1_163' title='bbox 566 2315 847 2375; x_wconf 86' lang='lat' dir='ltr'><strong>orationis</strong></span> <span class='ocrx_word' id='word_1_164' title='bbox 904 2313 1221 2373; x_wconf 83' lang='lat' dir='ltr'><strong>adnectens</strong></span> <span class='ocrx_word' id='word_1_165' title='bbox 1284 2310 1679 2389; x_wconf 80' lang='lat' dir='ltr'><strong>ordinansque</strong></span> <span class='ocrx_word' id='word_1_166' title='bbox 1731 2310 2101 2371; x_wconf 87' lang='lat' dir='ltr'><strong>sententiam.</strong></span> <span class='ocrx_word' id='word_1_167' title='bbox 2193 2311 2349 2380; x_wconf 79' lang='lat' dir='ltr'><strong>Quot</strong></span> <span class='ocrx_word' id='word_1_168' title='bbox 2406 2311 2676 2371; x_wconf 90' lang='lat' dir='ltr'><strong>accidunt</strong></span> <span class='ocrx_word' id='word_1_169' title='bbox 2718 2313 3155 2373; x_wconf 79' lang='lat' dir='ltr'><strong>coniunctioni?</strong></span> 
     </span>
     <span class='ocr_line' id='line_1_19' title="bbox 562 2408 3149 2508; baseline -0 -33"><span class='ocrx_word' id='word_1_170' title='bbox 562 2417 727 2487; x_wconf 85' lang='lat' dir='ltr'><strong>Tria,</strong></span> <span class='ocrx_word' id='word_1_171' title='bbox 776 2423 1039 2495; x_wconf 84' lang='lat' dir='ltr'><strong>potestas</strong></span> <span class='ocrx_word' id='word_1_172' title='bbox 1080 2413 1223 2472; x_wconf 91' lang='lat' dir='ltr'><strong>ordo</strong></span> <span class='ocrx_word' id='word_1_173' title='bbox 1266 2414 1467 2490; x_wconf 83' lang='lat' dir='ltr'><strong>ligura.</strong></span> <span class='ocrx_word' id='word_1_174' title='bbox 1561 2413 1742 2474; x_wconf 87' lang='lat' dir='ltr'><strong>Cuius</strong></span> <span class='ocrx_word' id='word_1_175' title='bbox 1788 2421 1879 2472; x_wconf 91' lang='lat' dir='ltr'><strong>est</strong></span> <span class='ocrx_word' id='word_1_176' title='bbox 1912 2408 2261 2490; x_wconf 75' lang='lat' dir='ltr'><strong>potestatis?</strong></span> <span class='ocrx_word' id='word_1_177' title='bbox 2320 2412 2724 2492; x_wconf 85' lang='lat' dir='ltr'><strong>Copulativae;</strong></span> <span class='ocrx_word' id='word_1_178' title='bbox 2767 2422 2857 2473; x_wconf 83' lang='lat' dir='ltr'><strong>est</strong></span> <span class='ocrx_word' id='word_1_179' title='bbox 2901 2422 3090 2475; x_wconf 90' lang='lat' dir='ltr'><strong>tamen</strong></span> <span class='ocrx_word' id='word_1_180' title='bbox 3142 2426 3149 2508; x_wconf 75' lang='grc' dir='ltr'>Ι</span> 
     </span>
     <span class='ocr_line' id='line_1_20' title="bbox 567 2507 3148 2591; baseline -0.002 -13"><span class='ocrx_word' id='word_1_181' title='bbox 567 2518 738 2578; x_wconf 88' lang='lat' dir='ltr'><strong>etiam</strong></span> <span class='ocrx_word' id='word_1_182' title='bbox 778 2524 834 2575; x_wconf 91' lang='lat' dir='ltr'><strong>et</strong></span> <span class='ocrx_word' id='word_1_183' title='bbox 878 2514 1300 2587; x_wconf 81' lang='lat' dir='ltr'><strong>adversativae,</strong></span> <span class='ocrx_word' id='word_1_184' title='bbox 1346 2532 1518 2591; x_wconf 88' lang='lat' dir='ltr'><strong>quam</strong></span> <span class='ocrx_word' id='word_1_185' title='bbox 1553 2514 1756 2574; x_wconf 88' lang='lat' dir='ltr'><strong>Graeci</strong></span> <span class='ocrx_word' id='word_1_186' title='bbox 1799 2507 2298 2589; x_wconf 78' lang='grc' dir='ltr'><strong><em>ἐναντιωματικόν</em></strong></span> <span class='ocrx_word' id='word_1_187' title='bbox 2335 2524 2573 2587; x_wconf 81' lang='lat' dir='ltr'><strong>vocant,</strong></span> <span class='ocrx_word' id='word_1_188' title='bbox 2618 2515 2771 2574; x_wconf 87' lang='lat' dir='ltr'><strong>sicut</strong></span> <span class='ocrx_word' id='word_1_189' title='bbox 2814 2516 2988 2575; x_wconf 86' lang='lat' dir='ltr'><strong>etiam</strong></span> <span class='ocrx_word' id='word_1_190' title='bbox 3034 2517 3148 2576; x_wconf 86' lang='lat' dir='ltr'><strong>hic.</strong></span> 
     </span>
     <span class='ocr_line' id='line_1_21' title="bbox 563 2615 3154 2695; baseline -0.001 -16"><span class='ocrx_word' id='word_1_191' title='bbox 563 2638 694 2679; x_wconf 85' lang='lat' dir='ltr'><strong>nam</strong></span> <span class='ocrx_word' id='word_1_192' title='bbox 754 2621 947 2678; x_wconf 82' lang='lat' dir='ltr'><strong>Aenea</strong></span> <span class='ocrx_word' id='word_1_193' title='bbox 1001 2617 1336 2695; x_wconf 84' lang='lat' dir='ltr'><strong>quiescente</strong></span> <span class='ocrx_word' id='word_1_194' title='bbox 1396 2616 1596 2692; x_wconf 80' lang='lat' dir='ltr'><strong>regina</strong></span> <span class='ocrx_word' id='word_1_195' title='bbox 1650 2615 1951 2687; x_wconf 87' lang='lat' dir='ltr'><strong>turbatur,</strong></span> <span class='ocrx_word' id='word_1_196' title='bbox 2014 2617 2169 2693; x_wconf 89' lang='lat' dir='ltr'><strong>qnod</strong></span> <span class='ocrx_word' id='word_1_197' title='bbox 2229 2624 2318 2675; x_wconf 87' lang='lat' dir='ltr'><strong>est</strong></span> <span class='ocrx_word' id='word_1_198' title='bbox 2365 2616 2739 2676; x_wconf 89' lang='lat' dir='ltr'><strong>contrarium.</strong></span> <span class='ocrx_word' id='word_1_199' title='bbox 2833 2618 3015 2677; x_wconf 83' lang='lat' dir='ltr'><strong>Cuius</strong></span> <span class='ocrx_word' id='word_1_200' title='bbox 3064 2626 3154 2678; x_wconf 85' lang='lat' dir='ltr'><strong>est</strong></span> 
     </span>
     <span class='ocr_line' id='line_1_22' title="bbox 535 2717 3223 2797; baseline -0 -16"><span class='ocrx_word' id='word_1_201' title='bbox 535 2718 829 2781; x_wconf 70' lang='lat' dir='ltr'><strong>&#39;&#39;ordinis‘l</strong></span> <span class='ocrx_word' id='word_1_202' title='bbox 909 2719 1282 2778; x_wconf 82' lang='lat' dir='ltr'><strong>Communis:</strong></span> <span class='ocrx_word' id='word_1_203' title='bbox 1342 2717 1476 2777; x_wconf 85' lang='lat' dir='ltr'><strong>licet</strong></span> <span class='ocrx_word' id='word_1_204' title='bbox 1522 2719 1677 2778; x_wconf 89' lang='lat' dir='ltr'><strong>enim</strong></span> <span class='ocrx_word' id='word_1_205' title='bbox 1730 2718 1903 2778; x_wconf 89' lang='lat' dir='ltr'><strong>etiam</strong></span> <span class='ocrx_word' id='word_1_206' title='bbox 1951 2725 2306 2797; x_wconf 82' lang='lat' dir='ltr'><strong>postponere</strong></span> <span class='ocrx_word' id='word_1_207' title='bbox 2349 2735 2505 2789; x_wconf 87' lang='lat' dir='ltr'><strong>eam,</strong></span> <span class='ocrx_word' id='word_1_208' title='bbox 2561 2720 2853 2795; x_wconf 87' lang='lat' dir='ltr'><strong>quomodo</strong></span> <span class='ocrx_word' id='word_1_209' title='bbox 2895 2727 2986 2792; x_wconf 80' lang='lat' dir='ltr'><strong>et3</strong></span> <span class='ocrx_word' id='word_1_210' title='bbox 3042 2719 3143 2778; x_wconf 86' lang='lat' dir='ltr'><strong>sed</strong></span> <span class='ocrx_word' id='word_1_211' title='bbox 3171 2743 3223 2780; x_wconf 87' lang='lat'><strong>·.·0</strong></span> 
     </span>
     <span class='ocr_line' id='line_1_23' title="bbox 565 2819 3152 2900; baseline -0 -17"><span class='ocrx_word' id='word_1_212' title='bbox 565 2823 732 2884; x_wconf 89' lang='lat' dir='ltr'><strong>metri</strong></span> <span class='ocrx_word' id='word_1_213' title='bbox 765 2841 970 2895; x_wconf 90' lang='lat' dir='ltr'><strong>causa,</strong></span> <span class='ocrx_word' id='word_1_214' title='bbox 1014 2820 1168 2899; x_wconf 85' lang='lat' dir='ltr'><strong>quod</strong></span> <span class='ocrx_word' id='word_1_215' title='bbox 1208 2823 1329 2880; x_wconf 86' lang='lat' dir='ltr'><strong>sere</strong></span> <span class='ocrx_word' id='word_1_216' title='bbox 1360 2820 1417 2880; x_wconf 92' lang='lat' dir='ltr'><strong>in</strong></span> <span class='ocrx_word' id='word_1_217' title='bbox 1463 2821 1736 2880; x_wconf 85' lang='lat' dir='ltr'><strong>omnibus</strong></span> <span class='ocrx_word' id='word_1_218' title='bbox 1775 2829 1970 2900; x_wconf 86' lang='lat' dir='ltr'><strong>potest</strong></span> <span class='ocrx_word' id='word_1_219' title='bbox 2002 2819 2243 2879; x_wconf 80' lang='lat' dir='ltr'><strong>inveniri</strong></span> <span class='ocrx_word' id='word_1_220' title='bbox 2280 2820 2687 2899; x_wconf 83' lang='lat' dir='ltr'><strong>praepositivis</strong></span> <span class='ocrx_word' id='word_1_221' title='bbox 2727 2822 3152 2882; x_wconf 88' lang='lat' dir='ltr'><strong>coniunctioni-</strong></span> 
     </span>
    </p>

    <p class='ocr_par' dir='ltr' id='par_1_9' title="bbox 460 2921 3151 3189">
     <span class='ocr_line' id='line_1_24' title="bbox 460 2921 3151 3002; baseline 0 -19"><span class='ocrx_word' id='word_1_222' title='bbox 460 2933 529 2983; x_wconf 80' lang='lat'><strong>80</strong></span> <span class='ocrx_word' id='word_1_223' title='bbox 564 2925 694 2985; x_wconf 75' lang='lat' dir='ltr'><strong>bus,</strong></span> <span class='ocrx_word' id='word_1_224' title='bbox 786 2924 966 2984; x_wconf 89' lang='lat' dir='ltr'><strong>Cuius</strong></span> <span class='ocrx_word' id='word_1_225' title='bbox 1011 2925 1228 3001; x_wconf 84' lang='lat' dir='ltr'><strong>ligurae</strong></span> <span class='ocrx_word' id='word_1_226' title='bbox 1273 2921 1403 2983; x_wconf 76' lang='lat' dir='ltr'><strong>est?</strong></span> <span class='ocrx_word' id='word_1_227' title='bbox 1445 2922 1756 3002; x_wconf 82' lang='lat' dir='ltr'><strong>Simplicis.</strong></span> <span class='ocrx_word' id='word_1_228' title='bbox 1832 2923 1945 2981; x_wconf 86' lang='lat' dir='ltr'><strong>Fac</strong></span> <span class='ocrx_word' id='word_1_229' title='bbox 1990 2921 2061 2981; x_wconf 89' lang='lat' dir='ltr'><strong>ab</strong></span> <span class='ocrx_word' id='word_1_230' title='bbox 2108 2941 2176 2981; x_wconf 90' lang='lat' dir='ltr'><strong>eo</strong></span> <span class='ocrx_word' id='word_1_231' title='bbox 2223 2922 2633 3001; x_wconf 88' lang='lat' dir='ltr'><strong>compositum.</strong></span> <span class='ocrx_word' id='word_1_232' title='bbox 2690 2926 2896 3001; x_wconf 80' lang='lat' dir='ltr'><strong>Atque.</strong></span> <span class='ocrx_word' id='word_1_233' title='bbox 2962 2928 3151 2995; x_wconf 81' lang='lat' dir='ltr'><strong>Quem</strong></span> 
     </span>
     <span class='ocr_line' id='line_1_25' title="bbox 561 3020 3151 3105; baseline -0 -18"><span class='ocrx_word' id='word_1_234' title='bbox 561 3026 740 3088; x_wconf 86' lang='lat' dir='ltr'><strong>habet</strong></span> <span class='ocrx_word' id='word_1_235' title='bbox 784 3024 1138 3087; x_wconf 80' lang='lat' dir='ltr'><strong>accentum?</strong></span> <span class='ocrx_word' id='word_1_236' title='bbox 1184 3026 1427 3085; x_wconf 80' lang='lat' dir='ltr'><strong>Gravem</strong></span> <span class='ocrx_word' id='word_1_237' title='bbox 1473 3026 1531 3085; x_wconf 92' lang='lat' dir='ltr'><strong>in</strong></span> <span class='ocrx_word' id='word_1_238' title='bbox 1575 3043 1775 3097; x_wconf 80' lang='lat' dir='ltr'><strong>versu,</strong></span> <span class='ocrx_word' id='word_1_239' title='bbox 1817 3020 2146 3104; x_wconf 70' lang='lat' dir='ltr'><strong>quomolldo</strong></span> <span class='ocrx_word' id='word_1_240' title='bbox 2193 3043 2400 3084; x_wconf 90' lang='lat' dir='ltr'><strong>omnes</strong></span> <span class='ocrx_word' id='word_1_241' title='bbox 2436 3025 2864 3105; x_wconf 82' lang='lat' dir='ltr'><strong>praepositivae</strong></span> <span class='ocrx_word' id='word_1_242' title='bbox 2906 3027 3151 3089; x_wconf 88' lang='lat' dir='ltr'><strong>coniun-</strong></span> 
     </span>
     <span class='ocr_line' id='line_1_26' title="bbox 561 3129 807 3189; baseline 0 -2"><span class='ocrx_word' id='word_1_243' title='bbox 561 3129 807 3189; x_wconf 87' lang='lat' dir='ltr'><strong>ctiones.</strong></span> 
     </span>
    </p>

    <p class='ocr_par' dir='ltr' id='par_1_10' title="bbox 558 3225 3219 3515">
     <span class='ocr_line' id='line_1_27' title="bbox 729 3225 3219 3308; baseline 0.002 -18"><span class='ocrx_word' id='word_1_244' title='bbox 729 3229 1007 3307; x_wconf 85' lang='lat' dir='ltr'><strong>Regina</strong></span> <span class='ocrx_word' id='word_1_245' title='bbox 1057 3247 1208 3307; x_wconf 88' lang='lat' dir='ltr'><strong>qnae</strong></span> <span class='ocrx_word' id='word_1_246' title='bbox 1251 3248 1388 3308; x_wconf 87' lang='lat' dir='ltr'><strong>pars</strong></span> <span class='ocrx_word' id='word_1_247' title='bbox 1442 3228 1722 3289; x_wconf 88' lang='lat' dir='ltr'><strong>orationis</strong></span> <span class='ocrx_word' id='word_1_248' title='bbox 1769 3225 1902 3287; x_wconf 81' lang='lat' dir='ltr'><strong>est?</strong></span> <span class='ocrx_word' id='word_1_249' title='bbox 1981 3228 2224 3287; x_wconf 88' lang='lat' dir='ltr'><strong>Nomen.</strong></span> <span class='ocrx_word' id='word_1_250' title='bbox 2316 3228 2467 3298; x_wconf 87' lang='lat' dir='ltr'><strong>Quid</strong></span> <span class='ocrx_word' id='word_1_251' title='bbox 2526 3237 2615 3289; x_wconf 88' lang='lat' dir='ltr'><strong>est</strong></span> <span class='ocrx_word' id='word_1_252' title='bbox 2662 3228 2917 3291; x_wconf 82' lang='lat' dir='ltr'><strong>nomen?</strong></span> <span class='ocrx_word' id='word_1_253' title='bbox 3005 3231 3147 3291; x_wconf 84' lang='lat' dir='ltr'><strong>Pars</strong></span> <span class='ocrx_word' id='word_1_254' title='bbox 3168 3258 3219 3296; x_wconf 50' lang='grc' dir='ltr'><strong>γε,</strong></span> 
     </span>
     <span class='ocr_line' id='line_1_28' title="bbox 560 3328 3149 3412; baseline 0.001 -21"><span class='ocrx_word' id='word_1_255' title='bbox 560 3332 840 3392; x_wconf 86' lang='lat' dir='ltr'><strong>orationis</strong></span> <span class='ocrx_word' id='word_1_256' title='bbox 890 3339 949 3391; x_wconf 88' lang='lat' dir='ltr'><strong>et</strong></span> <span class='ocrx_word' id='word_1_257' title='bbox 993 3338 1205 3391; x_wconf 87' lang='lat' dir='ltr'><strong>cetera.</strong></span> <span class='ocrx_word' id='word_1_258' title='bbox 1299 3331 1455 3401; x_wconf 86' lang='lat' dir='ltr'><strong>Quot</strong></span> <span class='ocrx_word' id='word_1_259' title='bbox 1507 3330 1780 3390; x_wconf 85' lang='lat' dir='ltr'><strong>accidunt</strong></span> <span class='ocrx_word' id='word_1_260' title='bbox 1841 3328 2105 3389; x_wconf 79' lang='lat' dir='ltr'><strong>nomini?</strong></span> <span class='ocrx_word' id='word_1_261' title='bbox 2185 3331 2329 3402; x_wconf 85' lang='lat' dir='ltr'><strong>Sex,</strong></span> <span class='ocrx_word' id='word_1_262' title='bbox 2386 3331 2635 3408; x_wconf 79' lang='lat' dir='ltr'><strong>qualitas</strong></span> <span class='ocrx_word' id='word_1_263' title='bbox 2686 3334 2914 3412; x_wconf 89' lang='lat' dir='ltr'><strong>species</strong></span> <span class='ocrx_word' id='word_1_264' title='bbox 2962 3352 3149 3409; x_wconf 87' lang='lat' dir='ltr'><strong>genus</strong></span> 
     </span>
     <span class='ocr_line' id='line_1_29' title="bbox 558 3429 3144 3515; baseline 0 -22"><span class='ocrx_word' id='word_1_265' title='bbox 558 3453 840 3495; x_wconf 88' lang='lat' dir='ltr'><strong>numerus</strong></span> <span class='ocrx_word' id='word_1_266' title='bbox 899 3434 1082 3511; x_wconf 73' lang='lat' dir='ltr'><strong>figura</strong></span> <span class='ocrx_word' id='word_1_267' title='bbox 1147 3452 1338 3493; x_wconf 86' lang='lat' dir='ltr'><strong>casus.</strong></span> <span class='ocrx_word' id='word_1_268' title='bbox 1444 3433 1625 3493; x_wconf 88' lang='lat' dir='ltr'><strong>Cuius</strong></span> <span class='ocrx_word' id='word_1_269' title='bbox 1687 3439 1775 3491; x_wconf 89' lang='lat' dir='ltr'><strong>est</strong></span> <span class='ocrx_word' id='word_1_270' title='bbox 1831 3429 2091 3510; x_wconf 74' lang='lat' dir='ltr'><strong>speciei?</strong></span> <span class='ocrx_word' id='word_1_271' title='bbox 2152 3431 2525 3493; x_wconf 86' lang='lat' dir='ltr'><strong>Derivativae.</strong></span> <span class='ocrx_word' id='word_1_272' title='bbox 2618 3435 2723 3496; x_wconf 85' lang='lat' dir='ltr'><strong>Dic</strong></span> <span class='ocrx_word' id='word_1_273' title='bbox 2773 3435 3144 3515; x_wconf 77' lang='lat' dir='ltr'><strong>primitivum.</strong></span> 
     </span>
    </p>

    <p class='ocr_par' dir='ltr' id='par_1_11' title="bbox 457 3528 3217 3919">
     <span class='ocr_line' id='line_1_30' title="bbox 457 3528 3148 3615; baseline 0.001 -21"><span class='ocrx_word' id='word_1_274' title='bbox 457 3542 521 3594; x_wconf 85' lang='lat'><strong>87</strong></span> <span class='ocrx_word' id='word_1_275' title='bbox 567 3537 703 3596; x_wconf 85' lang='lat' dir='ltr'><strong>Rex.</strong></span> <span class='ocrx_word' id='word_1_276' title='bbox 794 3536 921 3596; x_wconf 85' lang='lat' dir='ltr'><strong>Hoc</strong></span> <span class='ocrx_word' id='word_1_277' title='bbox 976 3528 1208 3613; x_wconf 81' lang='lat' dir='ltr'><strong>quoque</strong></span> <span class='ocrx_word' id='word_1_278' title='bbox 1268 3534 1421 3594; x_wconf 88' lang='lat' dir='ltr'><strong>unde</strong></span> <span class='ocrx_word' id='word_1_279' title='bbox 1475 3531 1776 3594; x_wconf 81' lang='lat' dir='ltr'><strong>nascitur?</strong></span> <span class='ocrx_word' id='word_1_280' title='bbox 1858 3535 1904 3592; x_wconf 87' lang='grc' dir='ltr'>Α</span> <span class='ocrx_word' id='word_1_281' title='bbox 1947 3552 2088 3611; x_wconf 86' lang='lat' dir='ltr'><strong>rego</strong></span> <span class='ocrx_word' id='word_1_282' title='bbox 2134 3533 2338 3609; x_wconf 73' lang='lat' dir='ltr'><strong>verb03</strong></span> <span class='ocrx_word' id='word_1_283' title='bbox 2387 3536 2539 3594; x_wconf 89' lang='lat' dir='ltr'><strong>unde</strong></span> <span class='ocrx_word' id='word_1_284' title='bbox 2584 3537 2912 3614; x_wconf 82' lang='lat' dir='ltr'><strong>genetivum</strong></span> <span class='ocrx_word' id='word_1_285' title='bbox 2960 3538 3015 3597; x_wconf 89' lang='lat' dir='ltr'><strong>in</strong></span> <span class='ocrx_word' id='word_1_286' title='bbox 3059 3538 3148 3615; x_wconf 84' lang='lat' dir='ltr'><strong>gis</strong></span> 
     </span>
     <span class='ocr_line' id='line_1_31' title="bbox 556 3635 3146 3699; baseline 0 -1"><span class='ocrx_word' id='word_1_287' title='bbox 556 3639 848 3699; x_wconf 87' lang='lat' dir='ltr'><strong>terminat.</strong></span> <span class='ocrx_word' id='word_1_288' title='bbox 938 3637 1151 3698; x_wconf 89' lang='lat' dir='ltr'><strong>dicitur</strong></span> <span class='ocrx_word' id='word_1_289' title='bbox 1203 3644 1398 3696; x_wconf 89' lang='lat' dir='ltr'><strong>autem</strong></span> <span class='ocrx_word' id='word_1_290' title='bbox 1461 3637 1573 3696; x_wconf 85' lang='lat' dir='ltr'><strong>hoc</strong></span> <span class='ocrx_word' id='word_1_291' title='bbox 1635 3655 1845 3694; x_wconf 84' lang='lat' dir='ltr'><strong>nomen</strong></span> <span class='ocrx_word' id='word_1_292' title='bbox 1910 3654 2020 3695; x_wconf 88' lang='lat' dir='ltr'><strong>nec</strong></span> <span class='ocrx_word' id='word_1_293' title='bbox 2091 3635 2149 3694; x_wconf 88' lang='lat' dir='ltr'><strong>in</strong></span> <span class='ocrx_word' id='word_1_294' title='bbox 2202 3641 2387 3696; x_wconf 88' lang='lat' dir='ltr'><strong>totum</strong></span> <span class='ocrx_word' id='word_1_295' title='bbox 2447 3640 2621 3697; x_wconf 79' lang='lat' dir='ltr'><strong>lixum</strong></span> <span class='ocrx_word' id='word_1_296' title='bbox 2681 3659 2787 3698; x_wconf 90' lang='lat' dir='ltr'><strong>nec</strong></span> <span class='ocrx_word' id='word_1_297' title='bbox 2845 3640 2903 3698; x_wconf 90' lang='lat' dir='ltr'><strong>in</strong></span> <span class='ocrx_word' id='word_1_298' title='bbox 2961 3647 3146 3699; x_wconf 85' lang='lat' dir='ltr'><strong>totum</strong></span> 
     </span>
     <span class='ocr_line' id='line_1_32' title="bbox 556 3737 3217 3815; baseline 0 -16"><span class='ocrx_word' id='word_1_299' title='bbox 556 3740 799 3815; x_wconf 89' lang='lat' dir='ltr'><strong>mobile;</strong></span> <span class='ocrx_word' id='word_1_300' title='bbox 858 3745 917 3797; x_wconf 88' lang='lat' dir='ltr'><strong>et</strong></span> <span class='ocrx_word' id='word_1_301' title='bbox 970 3739 1197 3808; x_wconf 90' lang='lat' dir='ltr'><strong>omnia,</strong></span> <span class='ocrx_word' id='word_1_302' title='bbox 1254 3755 1658 3815; x_wconf 80' lang='lat' dir='ltr'><strong>quaecumque</strong></span> <span class='ocrx_word' id='word_1_303' title='bbox 1715 3737 2103 3797; x_wconf 87' lang='lat' dir='ltr'><strong>masculinum</strong></span> <span class='ocrx_word' id='word_1_304' title='bbox 2173 3738 2377 3799; x_wconf 85' lang='lat' dir='ltr'><strong>tertiae</strong></span> <span class='ocrx_word' id='word_1_305' title='bbox 2433 3738 2652 3798; x_wconf 79' lang='lat' dir='ltr'><strong>habent</strong></span> <span class='ocrx_word' id='word_1_306' title='bbox 2715 3738 3142 3811; x_wconf 80' lang='lat' dir='ltr'><strong>declinationis,</strong></span> <span class='ocrx_word' id='word_1_307' title='bbox 3164 3763 3217 3802; x_wconf 78' lang='lat'><strong>30</strong></span> 
     </span>
     <span class='ocr_line' id='line_1_33' title="bbox 555 3821 3143 3919; baseline 0 -18"><span class='ocrx_word' id='word_1_308' title='bbox 555 3842 899 3902; x_wconf 78' lang='lat' dir='ltr'><strong>femininum</strong></span> <span class='ocrx_word' id='word_1_309' title='bbox 934 3840 1154 3901; x_wconf 81' lang='lat' dir='ltr'><strong>faciunt</strong></span> <span class='ocrx_word' id='word_1_310' title='bbox 1184 3840 1436 3919; x_wconf 86' lang='lat' dir='ltr'><strong>primae,</strong></span> <span class='ocrx_word' id='word_1_311' title='bbox 1482 3847 1545 3899; x_wconf 85' lang='lat' dir='ltr'><strong>ut</strong></span> <span class='ocrx_word' id='word_1_312' title='bbox 1584 3821 1687 3899; x_wconf 73' lang='lat' dir='ltr'><strong>rex</strong></span> <span class='ocrx_word' id='word_1_313' title='bbox 1717 3840 1948 3917; x_wconf 82' lang='lat' dir='ltr'><strong>regina,</strong></span> <span class='ocrx_word' id='word_1_314' title='bbox 1991 3838 2082 3898; x_wconf 92' lang='lat' dir='ltr'><strong>leo</strong></span> <span class='ocrx_word' id='word_1_315' title='bbox 2123 3840 2326 3900; x_wconf 85' lang='lat' dir='ltr'><strong>leaena</strong></span> <span class='ocrx_word' id='word_1_316' title='bbox 2368 3849 2426 3899; x_wconf 92' lang='lat' dir='ltr'><strong>et</strong></span> <span class='ocrx_word' id='word_1_317' title='bbox 2460 3841 2577 3909; x_wconf 90' lang='lat' dir='ltr'><strong>lea,</strong></span> <span class='ocrx_word' id='word_1_318' title='bbox 2620 3840 2795 3900; x_wconf 86' lang='lat' dir='ltr'><strong>draco</strong></span> <span class='ocrx_word' id='word_1_319' title='bbox 2836 3840 3143 3915; x_wconf 78' lang='lat' dir='ltr'><strong>dracaena,</strong></span> 
     </span>
    </p>
   </div>
   <div class='ocr_carea' id='block_1_7' title="bbox 555 3934 3144 4023">
    <p class='ocr_par' dir='ltr' id='par_1_12' title="bbox 555 3934 3144 4023">
     <span class='ocr_line' id='line_1_34' title="bbox 555 3934 3144 4023; baseline 0.001 -22"><span class='ocrx_word' id='word_1_320' title='bbox 555 3942 772 4023; x_wconf 85' lang='lat' dir='ltr'><strong>hospes</strong></span> <span class='ocrx_word' id='word_1_321' title='bbox 828 3943 1090 4022; x_wconf 88' lang='lat' dir='ltr'><strong>hospita,</strong></span> <span class='ocrx_word' id='word_1_322' title='bbox 1152 3959 1363 4021; x_wconf 88' lang='lat' dir='ltr'><strong>sospes</strong></span> <span class='ocrx_word' id='word_1_323' title='bbox 1409 3941 1665 4020; x_wconf 80' lang='lat' dir='ltr'><strong>sospita,</strong></span> <span class='ocrx_word' id='word_1_324' title='bbox 1709 3941 1845 4001; x_wconf 91' lang='lat' dir='ltr'><strong>leno</strong></span> <span class='ocrx_word' id='word_1_325' title='bbox 1884 3940 2046 4015; x_wconf 76' lang='lat' dir='ltr'><strong>lena,</strong></span> <span class='ocrx_word' id='word_1_326' title='bbox 2104 3934 2303 4003; x_wconf 88' lang='lat' dir='ltr'><strong>strabo</strong></span> <span class='ocrx_word' id='word_1_327' title='bbox 2351 3941 2577 4011; x_wconf 84' lang='lat' dir='ltr'><strong>straba,</strong></span> <span class='ocrx_word' id='word_1_328' title='bbox 2626 3949 2681 4001; x_wconf 89' lang='lat' dir='ltr'><strong>et</strong></span> <span class='ocrx_word' id='word_1_329' title='bbox 2721 3940 2887 4019; x_wconf 87' lang='lat' dir='ltr'><strong>siqua</strong></span> <span class='ocrx_word' id='word_1_330' title='bbox 2936 3943 3144 4004; x_wconf 85' lang='lat' dir='ltr'><strong>similia</strong></span> 
     </span>
    </p>
   </div>
   <div class='ocr_carea' id='block_1_8' title="bbox 3260 2185 3315 2236">
    <p class='ocr_par' dir='ltr' id='par_1_13' title="bbox 3260 2185 3315 2236">
     <span class='ocr_line' id='line_1_35' title="bbox 3260 2185 3315 2236; baseline 0 -2"><span class='ocrx_word' id='word_1_331' title='bbox 3260 2185 3315 2236; x_wconf 55' lang='grc' dir='ltr'><strong>Ν.</strong></span> 
     </span>
    </p>
   </div>
   <div class='ocr_carea' id='block_1_9' title="bbox 2030 4080 2044 4105">
    <p class='ocr_par' dir='ltr' id='par_1_14' title="bbox 2030 4080 2044 4105">
     <span class='ocr_line' id='line_1_36' title="bbox 2030 4080 2044 4105; baseline 0 0"><span class='ocrx_word' id='word_1_332' title='bbox 2030 4080 2044 4105; x_wconf 62' lang='grc' dir='ltr'>ἱ</span> 
     </span>
    </p>
   </div>
   <div class='ocr_carea' id='block_1_10' title="bbox 547 4161 3146 4646">
    <p class='ocr_par' dir='ltr' id='par_1_15' title="bbox 547 4161 3146 4646">
     <span class='ocr_line' id='line_1_37' title="bbox 689 4161 3143 4228; baseline 0 -15"><span class='ocrx_word' id='word_1_333' title='bbox 689 4165 722 4213; x_wconf 84' lang='grc'><strong>2</strong></span> <span class='ocrx_word' id='word_1_334' title='bbox 778 4172 1041 4227; x_wconf 65' lang='lat' dir='ltr'><strong>praetcrea</strong></span> <span class='ocrx_word' id='word_1_335' title='bbox 1087 4162 1237 4227; x_wconf 81' lang='lat' dir='ltr'><strong>glans</strong></span> <span class='ocrx_word' id='word_1_336' title='bbox 1285 4176 1466 4209; x_wconf 83' lang='lat' dir='ltr'><strong>uecors</strong></span> <span class='ocrx_word' id='word_1_337' title='bbox 1505 4175 1716 4210; x_wconf 84' lang='lat' dir='ltr'><strong>concors</strong></span> <span class='ocrx_word' id='word_1_338' title='bbox 1751 4161 1948 4210; x_wconf 79' lang='lat' dir='ltr'><strong>discors</strong></span> <span class='ocrx_word' id='word_1_339' title='bbox 1990 4161 2230 4226; x_wconf 85' lang='lat' dir='ltr'><strong>libripens</strong></span> <span class='ocrx_word' id='word_1_340' title='bbox 2267 4161 2564 4226; x_wconf 80' lang='lat' dir='ltr'><strong>libripendis</strong></span> <span class='ocrx_word' id='word_1_341' title='bbox 2604 4162 2646 4212; x_wconf 82' lang='lat'><em>0</em></span> <span class='ocrx_word' id='word_1_342' title='bbox 2703 4171 2965 4228; x_wconf 82' lang='lat' dir='ltr'><strong>praeterea</strong></span> <span class='ocrx_word' id='word_1_343' title='bbox 3004 4164 3143 4213; x_wconf 85' lang='lat' dir='ltr'><strong>libri-</strong></span> 
     </span>
     <span class='ocr_line' id='line_1_38' title="bbox 551 4230 3146 4300; baseline 0 -17"><span class='ocrx_word' id='word_1_344' title='bbox 551 4250 679 4300; x_wconf 86' lang='lat' dir='ltr'><strong>pens</strong></span> <span class='ocrx_word' id='word_1_345' title='bbox 719 4232 1016 4297; x_wconf 81' lang='lat' dir='ltr'><strong>libripendis</strong></span> <span class='ocrx_word' id='word_1_346' title='bbox 1055 4231 1098 4281; x_wconf 99' lang='lat' dir='ltr'><em>G</em></span> <span class='ocrx_word' id='word_1_347' title='bbox 1137 4239 1402 4295; x_wconf 69' lang='lat' dir='ltr'><strong>praeterea</strong></span> <span class='ocrx_word' id='word_1_348' title='bbox 1436 4231 1678 4295; x_wconf 83' lang='lat' dir='ltr'><strong>libripens</strong></span> <span class='ocrx_word' id='word_1_349' title='bbox 1715 4230 2017 4294; x_wconf 83' lang='lat' dir='ltr'><strong>libripendis</strong></span> <span class='ocrx_word' id='word_1_350' title='bbox 2056 4233 2172 4293; x_wconf 69' lang='lat' dir='ltr'><strong>quia</strong></span> <span class='ocrx_word' id='word_1_351' title='bbox 2205 4248 2235 4281; x_wconf 81' lang='lat' dir='ltr'><strong>a</strong></span> <span class='ocrx_word' id='word_1_352' title='bbox 2271 4231 2425 4279; x_wconf 85' lang='lat' dir='ltr'><strong>uerbo</strong></span> <span class='ocrx_word' id='word_1_353' title='bbox 2461 4231 2628 4295; x_wconf 86' lang='lat' dir='ltr'><strong>pendo</strong></span> <span class='ocrx_word' id='word_1_354' title='bbox 2667 4234 2988 4298; x_wconf 84' lang='lat' dir='ltr'><strong>componitur</strong></span> <span class='ocrx_word' id='word_1_355' title='bbox 3023 4249 3146 4283; x_wconf 87' lang='lat' dir='ltr'><strong>con-</strong></span> 
     </span>
     <span class='ocr_line' id='line_1_39' title="bbox 551 4298 3143 4367; baseline 0.001 -16"><span class='ocrx_word' id='word_1_356' title='bbox 551 4311 814 4351; x_wconf 80' lang='lat' dir='ltr'><strong>sonantem</strong></span> <span class='ocrx_word' id='word_1_357' title='bbox 866 4301 1008 4349; x_wconf 87' lang='lat' dir='ltr'><strong>uerbi</strong></span> <span class='ocrx_word' id='word_1_358' title='bbox 1059 4307 1230 4348; x_wconf 80' lang='lat' dir='ltr'><strong>seruat</strong></span> <span class='ocrx_word' id='word_1_359' title='bbox 1277 4298 1468 4349; x_wconf 77' lang='lat' dir='ltr'><strong>faciens</strong></span> <span class='ocrx_word' id='word_1_360' title='bbox 1506 4301 1803 4364; x_wconf 78' lang='lat' dir='ltr'><strong>genetiuum</strong></span> <span class='ocrx_word' id='word_1_361' title='bbox 1846 4316 1934 4364; x_wconf 73' lang='lat' dir='ltr'><strong>per</strong></span> <span class='ocrx_word' id='word_1_362' title='bbox 1972 4300 2052 4348; x_wconf 82' lang='lat' dir='ltr'><strong>dis</strong></span> <span class='ocrx_word' id='word_1_363' title='bbox 2091 4300 2334 4366; x_wconf 87' lang='lat' dir='ltr'><strong>libripens</strong></span> <span class='ocrx_word' id='word_1_364' title='bbox 2375 4301 2673 4364; x_wconf 85' lang='lat' dir='ltr'><strong>libripendis</strong></span> <span class='ocrx_word' id='word_1_365' title='bbox 2710 4304 2766 4364; x_wconf 88' lang='lat' dir='ltr'><strong>S,</strong></span> <span class='ocrx_word' id='word_1_366' title='bbox 2803 4306 2853 4352; x_wconf 77' lang='lat' dir='ltr'><strong>in</strong></span> <span class='ocrx_word' id='word_1_367' title='bbox 2893 4320 2987 4367; x_wconf 82' lang='lat' dir='ltr'><strong>quo</strong></span> <span class='ocrx_word' id='word_1_368' title='bbox 3016 4306 3143 4354; x_wconf 83' lang='lat' dir='ltr'><strong>leaec</strong></span> 
     </span>
     <span class='ocr_line' id='line_1_40' title="bbox 547 4370 3143 4438; baseline 0 -17"><span class='ocrx_word' id='word_1_369' title='bbox 547 4381 663 4435; x_wconf 77' lang='lat' dir='ltr'><strong>post</strong></span> <span class='ocrx_word' id='word_1_370' title='bbox 691 4373 723 4421; x_wconf 83' lang='lat' dir='ltr'><strong>ss</strong></span> <span class='ocrx_word' id='word_1_371' title='bbox 753 4371 978 4434; x_wconf 81' lang='lat' dir='ltr'><strong>degener</strong></span> <span class='ocrx_word' id='word_1_372' title='bbox 1009 4372 1178 4432; x_wconf 75' lang='lat' dir='ltr'><strong>posita</strong></span> <span class='ocrx_word' id='word_1_373' title='bbox 1209 4378 1326 4418; x_wconf 76' lang='lat' dir='ltr'><strong>sunt</strong></span> <span class='ocrx_word' id='word_1_374' title='bbox 1496 4371 1529 4418; x_wconf 74' lang='lat'>5</span> <span class='ocrx_word' id='word_1_375' title='bbox 1566 4370 1780 4419; x_wconf 47' lang='lat' dir='ltr'><strong>uidetur*</strong></span> <span class='ocrx_word' id='word_1_376' title='bbox 1808 4371 1940 4418; x_wconf 88' lang='lat' dir='ltr'><strong>enim</strong></span> <span class='ocrx_word' id='word_1_377' title='bbox 1985 4384 2150 4434; x_wconf 81' lang='lat' dir='ltr'><strong>genus</strong></span> <span class='ocrx_word' id='word_1_378' title='bbox 2179 4386 2208 4418; x_wconf 80' lang='lat' dir='ltr'><strong>a</strong></span> <span class='ocrx_word' id='word_1_379' title='bbox 2242 4377 2393 4435; x_wconf 83' lang='lat' dir='ltr'><strong>gente</strong></span> <span class='ocrx_word' id='word_1_380' title='bbox 2427 4370 2469 4418; x_wconf 93' lang='lat' dir='ltr'><em>G</em></span> <span class='ocrx_word' id='word_1_381' title='bbox 2512 4370 2711 4420; x_wconf 85' lang='lat' dir='ltr'><strong>uidetur</strong></span> <span class='ocrx_word' id='word_1_382' title='bbox 2749 4374 2899 4421; x_wconf 79' lang='lat' dir='ltr'><strong>etiam</strong></span> <span class='ocrx_word' id='word_1_383' title='bbox 2940 4389 3070 4438; x_wconf 85' lang='lat' dir='ltr'><strong>gens</strong></span> <span class='ocrx_word' id='word_1_384' title='bbox 3114 4389 3143 4421; x_wconf 84' lang='lat' dir='ltr'><strong>a</strong></span> 
     </span>
     <span class='ocr_line' id='line_1_41' title="bbox 549 4439 3144 4505; baseline 0.001 -16"><span class='ocrx_word' id='word_1_385' title='bbox 549 4456 714 4505; x_wconf 83' lang='lat' dir='ltr'><strong>genus</strong></span> <span class='ocrx_word' id='word_1_386' title='bbox 753 4441 795 4489; x_wconf 81' lang='lat' dir='ltr'><em>C</em></span> <span class='ocrx_word' id='word_1_387' title='bbox 825 4440 1025 4489; x_wconf 84' lang='lat' dir='ltr'><strong>uidetur</strong></span> <span class='ocrx_word' id='word_1_388' title='bbox 1060 4441 1212 4488; x_wconf 82' lang='lat' dir='ltr'><strong>etiam</strong></span> <span class='ocrx_word' id='word_1_389' title='bbox 1247 4454 1377 4503; x_wconf 78' lang='lat' dir='ltr'><strong>gens</strong></span> <span class='ocrx_word' id='word_1_390' title='bbox 1414 4455 1444 4487; x_wconf 80' lang='lat' dir='ltr'><strong>a</strong></span> <span class='ocrx_word' id='word_1_391' title='bbox 1475 4455 1663 4504; x_wconf 77' lang='lat' dir='ltr'><strong>genere</strong></span> <span class='ocrx_word' id='word_1_392' title='bbox 1698 4439 1739 4487; x_wconf 88' lang='lat' dir='ltr'><strong><em>S</em></strong></span> <span class='ocrx_word' id='word_1_393' title='bbox 1900 4442 1929 4488; x_wconf 89' lang='lat'><strong>7</strong></span> <span class='ocrx_word' id='word_1_394' title='bbox 1968 4454 2247 4489; x_wconf 68' lang='grc' dir='ltr'>τῐιΛοτΛτιο</span> <span class='ocrx_word' id='word_1_395' title='bbox 2287 4453 2538 4491; x_wconf 54' lang='lat' dir='ltr'><strong>miscuas-1</strong></span> <span class='ocrx_word' id='word_1_396' title='bbox 2583 4454 2897 4493; x_wconf 54' lang='lat' dir='ltr'><strong>casumve:</strong></span> <span class='ocrx_word' id='word_1_397' title='bbox 2940 4459 2989 4492; x_wconf 71' lang='lat' dir='ltr'><strong>m</strong></span> <span class='ocrx_word' id='word_1_398' title='bbox 3033 4460 3144 4493; x_wconf 73' lang='lat' dir='ltr'><strong>rni-</strong></span> 
     </span>
     <span class='ocr_line' id='line_1_42' title="bbox 554 4514 3143 4562; baseline 0 -2"><span class='ocrx_word' id='word_1_399' title='bbox 554 4527 659 4560; x_wconf 73' lang='lat' dir='ltr'><strong>mm</strong></span> <span class='ocrx_word' id='word_1_400' title='bbox 700 4525 896 4559; x_wconf 67' lang='lat' dir='ltr'><strong>mensum</strong></span> <span class='ocrx_word' id='word_1_401' title='bbox 928 4524 1097 4559; x_wconf 62' lang='lat' dir='ltr'><strong>‘rnna-11</strong></span> <span class='ocrx_word' id='word_1_402' title='bbox 1134 4524 1266 4557; x_wconf 70' lang='lat' dir='ltr'><strong>unni</strong></span> <span class='ocrx_word' id='word_1_403' title='bbox 1305 4523 1552 4558; x_wconf 53' lang='lat' dir='ltr'><strong>assinos</strong></span> <span class='ocrx_word' id='word_1_404' title='bbox 1592 4523 1870 4559; x_wconf 67' lang='lat' dir='ltr'><strong>cousumpst</strong></span> <span class='ocrx_word' id='word_1_405' title='bbox 1906 4524 2089 4559; x_wconf 71' lang='lat' dir='ltr'><strong>mcwrr</strong></span> <span class='ocrx_word' id='word_1_406' title='bbox 2116 4523 2333 4558; x_wconf 71' lang='lat' dir='ltr'><strong>Eiusnen</strong></span> <span class='ocrx_word' id='word_1_407' title='bbox 2368 4523 2617 4558; x_wconf 70' lang='lat' dir='ltr'><strong>mrnmuu</strong></span> <span class='ocrx_word' id='word_1_408' title='bbox 2662 4527 2857 4560; x_wconf 68' lang='lat' dir='ltr'><strong>oensem</strong></span> <span class='ocrx_word' id='word_1_409' title='bbox 2887 4514 2928 4561; x_wconf 83' lang='lat' dir='ltr'><strong><em>C</em></strong></span> <span class='ocrx_word' id='word_1_410' title='bbox 2959 4528 3143 4562; x_wconf 59' lang='lat' dir='ltr'><strong>nensis</strong></span> 
     </span>
     <span class='ocr_line' id='line_1_43' title="bbox 550 4576 3141 4646; baseline 0 -17"><span class='ocrx_word' id='word_1_411' title='bbox 550 4596 684 4630; x_wconf 74' lang='lat' dir='ltr'><strong>unm</strong></span> <span class='ocrx_word' id='word_1_412' title='bbox 730 4594 898 4628; x_wconf 76' lang='lat' dir='ltr'><strong>TER&#39;rlt</strong></span> <span class='ocrx_word' id='word_1_413' title='bbox 949 4594 1181 4628; x_wconf 71' lang='lat' dir='ltr'><strong>sxrmcir</strong></span> <span class='ocrx_word' id='word_1_414' title='bbox 1219 4576 1262 4626; x_wconf 98' lang='lat' dir='ltr'><em>G</em></span> <span class='ocrx_word' id='word_1_415' title='bbox 1410 4578 1463 4627; x_wconf 86' lang='lat'><strong>11</strong></span> <span class='ocrx_word' id='word_1_416' title='bbox 1519 4587 1674 4627; x_wconf 83' lang='lat' dir='ltr'><strong>tracta</strong></span> <span class='ocrx_word' id='word_1_417' title='bbox 1726 4580 1885 4646; x_wconf 65' lang='lat' dir='ltr'><strong>pedes</strong></span> <span class='ocrx_word' id='word_1_418' title='bbox 1920 4588 2092 4645; x_wconf 83' lang='lat' dir='ltr'><strong>partes</strong></span> <span class='ocrx_word' id='word_1_419' title='bbox 2130 4577 2375 4626; x_wconf 84' lang='lat' dir='ltr'><strong>orationis</strong></span> <span class='ocrx_word' id='word_1_420' title='bbox 2407 4576 2448 4624; x_wconf 83' lang='lat' dir='ltr'><em>S</em></span> <span class='ocrx_word' id='word_1_421' title='bbox 2491 4587 2858 4644; x_wconf 81' lang='lat' dir='ltr'><strong>tracta.partes</strong></span> <span class='ocrx_word' id='word_1_422' title='bbox 2897 4584 3141 4632; x_wconf 77' lang='lat' dir='ltr'><strong>orationis</strong></span> 
     </span>
    </p>
   </div>
   <div class='ocr_carea' id='block_1_11' title="bbox 549 4650 3141 4933">
    <p class='ocr_par' dir='ltr' id='par_1_16' title="bbox 549 4650 3141 4933">
     <span class='ocr_line' id='line_1_44' title="bbox 549 4650 3141 4731; baseline 0.001 -19"><span class='ocrx_word' id='word_1_423' title='bbox 549 4666 634 4716; x_wconf 83' lang='lat' dir='ltr'><strong>CG</strong></span> <span class='ocrx_word' id='word_1_424' title='bbox 777 4663 836 4712; x_wconf 84' lang='lat'><strong>17</strong></span> <span class='ocrx_word' id='word_1_425' title='bbox 875 4673 952 4712; x_wconf 86' lang='lat' dir='ltr'><strong>est</strong></span> <span class='ocrx_word' id='word_1_426' title='bbox 990 4665 1138 4712; x_wconf 83' lang='lat' dir='ltr'><strong>etiam</strong></span> <span class='ocrx_word' id='word_1_427' title='bbox 1178 4671 1343 4711; x_wconf 81' lang='lat' dir='ltr'><strong>tamen</strong></span> <span class='ocrx_word' id='word_1_428' title='bbox 1373 4650 1734 4713; x_wconf 66' lang='lat' dir='ltr'><strong>aduersatiuae’</strong></span> <span class='ocrx_word' id='word_1_429' title='bbox 1765 4666 1809 4714; x_wconf 91' lang='lat' dir='ltr'><em>G</em></span> <span class='ocrx_word' id='word_1_430' title='bbox 1948 4665 2015 4713; x_wconf 70' lang='lat'><strong>25</strong></span> <span class='ocrx_word' id='word_1_431' title='bbox 2053 4679 2173 4728; x_wconf 82' lang='lat' dir='ltr'><strong>pars</strong></span> <span class='ocrx_word' id='word_1_432' title='bbox 2203 4664 2447 4713; x_wconf 84' lang='lat' dir='ltr'><strong>orationis</strong></span> <span class='ocrx_word' id='word_1_433' title='bbox 2485 4672 2533 4713; x_wconf 88' lang='lat' dir='ltr'><strong>et</strong></span> <span class='ocrx_word' id='word_1_434' title='bbox 2577 4666 2771 4728; x_wconf 79' lang='lat' dir='ltr'><strong>reliqna</strong></span> <span class='ocrx_word' id='word_1_435' title='bbox 2811 4667 2862 4713; x_wconf 88' lang='grc' dir='ltr'><em>Δ</em></span> <span class='ocrx_word' id='word_1_436' title='bbox 2899 4678 3020 4731; x_wconf 84' lang='lat' dir='ltr'><strong>quot</strong></span> <span class='ocrx_word' id='word_1_437' title='bbox 3057 4683 3141 4716; x_wconf 78' lang='lat' dir='ltr'><strong>ac·</strong></span> 
     </span>
     <span class='ocr_line' id='line_1_45' title="bbox 549 4731 3137 4798; baseline 0.002 -17"><span class='ocrx_word' id='word_1_438' title='bbox 549 4735 723 4782; x_wconf 83' lang='lat' dir='ltr'><strong>cidunt</strong></span> <span class='ocrx_word' id='word_1_439' title='bbox 761 4733 972 4780; x_wconf 83' lang='lat' dir='ltr'><strong>nomini.</strong></span> <span class='ocrx_word' id='word_1_440' title='bbox 1032 4731 1102 4777; x_wconf 93' lang='lat' dir='ltr'><em>M</em></span> <span class='ocrx_word' id='word_1_441' title='bbox 1135 4734 1354 4795; x_wconf 82' lang='lat' dir='ltr'><strong>qualitas</strong></span> <span class='ocrx_word' id='word_1_442' title='bbox 1403 4743 1449 4781; x_wconf 84' lang='lat' dir='ltr'><strong>et</strong></span> <span class='ocrx_word' id='word_1_443' title='bbox 1498 4733 1877 4794; x_wconf 81' lang='lat' dir='ltr'><strong>reliqua.cuius</strong></span> <span class='ocrx_word' id='word_1_444' title='bbox 1910 4732 1951 4781; x_wconf 88' lang='lat' dir='ltr'><strong><em>S</em></strong></span> <span class='ocrx_word' id='word_1_445' title='bbox 1995 4749 2114 4798; x_wconf 82' lang='lat' dir='ltr'><strong>pars</strong></span> <span class='ocrx_word' id='word_1_446' title='bbox 2164 4734 2408 4782; x_wconf 84' lang='lat' dir='ltr'><strong>orationis</strong></span> <span class='ocrx_word' id='word_1_447' title='bbox 2460 4743 2579 4797; x_wconf 88' lang='lat' dir='ltr'><strong>quot</strong></span> <span class='ocrx_word' id='word_1_448' title='bbox 2619 4736 2853 4784; x_wconf 80' lang='lat' dir='ltr'><strong>accidunt</strong></span> <span class='ocrx_word' id='word_1_449' title='bbox 2892 4739 3084 4787; x_wconf 88' lang='lat' dir='ltr'><strong>nomini</strong></span> <span class='ocrx_word' id='word_1_450' title='bbox 3125 4775 3137 4787; x_wconf 95' lang='lat'><strong>.</strong></span> 
     </span>
     <span class='ocr_line' id='line_1_46' title="bbox 551 4796 3141 4873; baseline 0.003 -24"><span class='ocrx_word' id='word_1_451' title='bbox 551 4801 705 4849; x_wconf 84' lang='lat' dir='ltr'><strong>Cuius</strong></span> <span class='ocrx_word' id='word_1_452' title='bbox 741 4800 781 4847; x_wconf 85' lang='lat' dir='ltr'>C</span> <span class='ocrx_word' id='word_1_453' title='bbox 917 4800 986 4848; x_wconf 80' lang='lat'><strong>20</strong></span> <span class='ocrx_word' id='word_1_454' title='bbox 1031 4800 1126 4847; x_wconf 86' lang='lat' dir='ltr'><strong>hoc</strong></span> <span class='ocrx_word' id='word_1_455' title='bbox 1165 4816 1343 4851; x_wconf 87' lang='lat' dir='ltr'><strong>nomen</strong></span> <span class='ocrx_word' id='word_1_456' title='bbox 1385 4818 1477 4851; x_wconf 85' lang='lat' dir='ltr'><strong>nec</strong></span> <span class='ocrx_word' id='word_1_457' title='bbox 1514 4802 1557 4851; x_wconf 88' lang='lat' dir='ltr'><em>C</em></span> <span class='ocrx_word' id='word_1_458' title='bbox 1603 4801 1698 4851; x_wconf 87' lang='lat' dir='ltr'><strong>hoe</strong></span> <span class='ocrx_word' id='word_1_459' title='bbox 1734 4819 1826 4851; x_wconf 72' lang='lat' dir='ltr'><strong>nec</strong></span> <span class='ocrx_word' id='word_1_460' title='bbox 1861 4804 1945 4851; x_wconf 86' lang='lat' dir='ltr'><strong>GS</strong></span> <span class='ocrx_word' id='word_1_461' title='bbox 1988 4803 2082 4852; x_wconf 85' lang='lat' dir='ltr'><strong>hoc</strong></span> <span class='ocrx_word' id='word_1_462' title='bbox 2114 4798 2273 4865; x_wconf 80' lang='grc' dir='ltr'><strong><em>γένος</em></strong></span> <span class='ocrx_word' id='word_1_463' title='bbox 2307 4798 2508 4851; x_wconf 76' lang='grc' dir='ltr'><strong><em>κοινὸν</em></strong></span> <span class='ocrx_word' id='word_1_464' title='bbox 2545 4796 3141 4873; x_wconf 73' lang='grc' dir='ltr'><strong><em>ἀνομοιοκατρὶληκεον</em></strong></span> 
     </span>
     <span class='ocr_line' id='line_1_47' title="bbox 551 4867 2929 4933; baseline 0.005 -18"><span class='ocrx_word' id='word_1_465' title='bbox 551 4883 644 4916; x_wconf 86' lang='lat' dir='ltr'><strong>nec</strong></span> <span class='ocrx_word' id='word_1_466' title='bbox 681 4880 714 4921; x_wconf 82' lang='grc' dir='ltr'>ς</span> <span class='ocrx_word' id='word_1_467' title='bbox 855 4867 923 4918; x_wconf 84' lang='grc'><strong>30</strong></span> <span class='ocrx_word' id='word_1_468' title='bbox 960 4882 1306 4931; x_wconf 80' lang='lat' dir='ltr'><strong>quaecumque</strong></span> <span class='ocrx_word' id='word_1_469' title='bbox 1332 4872 1374 4918; x_wconf 88' lang='lat' dir='ltr'><em>S</em></span> <span class='ocrx_word' id='word_1_470' title='bbox 1419 4886 1547 4933; x_wconf 76' lang='lat' dir='ltr'><strong>quae</strong></span> <span class='ocrx_word' id='word_1_471' title='bbox 1584 4887 1701 4921; x_wconf 86' lang='lat' dir='ltr'><strong>cum</strong></span> <span class='ocrx_word' id='word_1_472' title='bbox 1736 4874 1823 4922; x_wconf 90' lang='lat' dir='ltr'><strong>CG</strong></span> <span class='ocrx_word' id='word_1_473' title='bbox 1964 4871 2148 4921; x_wconf 80' lang='lat' dir='ltr'><strong>habeat</strong></span> <span class='ocrx_word' id='word_1_474' title='bbox 2186 4873 2229 4923; x_wconf 91' lang='lat' dir='ltr'><em>G</em></span> <span class='ocrx_word' id='word_1_475' title='bbox 2381 4872 2444 4924; x_wconf 82' lang='lat'><strong>31</strong></span> <span class='ocrx_word' id='word_1_476' title='bbox 2486 4873 2681 4924; x_wconf 79' lang='lat' dir='ltr'><strong>faciunt</strong></span> <span class='ocrx_word' id='word_1_477' title='bbox 2714 4891 2807 4925; x_wconf 81' lang='lat' dir='ltr'><strong>om.</strong></span> <span class='ocrx_word' id='word_1_478' title='bbox 2845 4878 2929 4928; x_wconf 88' lang='lat' dir='ltr'><strong>CG</strong></span> 
     </span>
    </p>
   </div>
  </div>
 </body>
</html>
