3576 5595
1365 449 1590 511 maen
1645 448 1793 509 xvn
1836 458 2067 512 81—85
2898 420 3014 510 155

530 581 570 621 ρ.
595 569 707 609 1074.
738 570 786 608 τε»
818 568 860 608 r.
2621 579 2662 618 p.
2692 568 2754 607 51.
2783 569 2834 608 5²
2863 566 2914 609 κ.

427 660 576 720 quae
635 648 771 700 sunt
827 638 1130 711 absoluta,
1192 656 1309 698 non
1374 644 1549 714 egent
1627 635 1880 714 obliquis
1959 635 2229 710 casibus:
2293 637 2385 697 'sin
2455 636 2644 697 dic-am
2718 634 3021 714 ‘accusatq

426 743 611 816 videt,
687 740 1050 813 insimulat',
1118 740 1461 819 imperfecta
1521 746 1660 798 sunt
1723 746 1781 798 et
1828 746 2003 816 egent
2054 738 2425 816 obliquorum
2480 758 2724 800 casuum
2777 740 3017 802 adiunc-

428 844 582 905 tione
648 844 722 903 ad
789 842 1207 922 perfectionem
1275 859 1507 901 sensuS.
1611 839 1715 900 sed
1775 840 1849 900 de
1905 839 1996 900 bis
2061 841 2410 919 oportunius
2466 842 2813 921 separatim,
2882 861 3015 903 cum

426 947 499 1007 de
545 945 703 1006 verbi
752 943 1189 1005 constructione
1229 950 1578 1015 tractemuS,
1625 942 1868 1002 dicetur.
2552 1008 2561 1023 ⁶

376 1066 400 1102 5
599 1046 850 1117 Quidam
907 1053 1102 1107 tamen
1157 1053 1538 1125 putaverunt,
1601 1043 2017 1125 perfectiorem
2073 1063 2206 1105 esse
2260 1044 2572 1105 verborum
2629 1047 3020 1107 constructio-

429 1169 595 1222 nem,
667 1149 716 1209 si
772 1148 1120 1228 pronomina
1178 1155 1513 1208 assumant:
1582 1147 1731 1224 ‘ego
1799 1144 2012 1225 scripsi
2087 1144 2222 1219 tibi,
2297 1165 2407 1224 ego
2483 1146 2693 1225 loquor
2760 1147 2897 1208 tibi’
2961 1156 3020 1208 et

429 1250 668 1327 similia,
726 1249 895 1311 cuius
953 1248 1438 1331 approbationem
1495 1247 1699 1307 dicunt
1756 1266 1889 1308 esse
1942 1264 2103 1321 eam,
2174 1248 2362 1326 quod,
2432 1267 2565 1309 cum
2621 1249 2812 1310 dicam
2871 1254 3017 1328 ‘ego

427 1353 661 1431 quidem
719 1352 890 1425 all'ui,
962 1360 1022 1413 tu
1082 1370 1220 1411 vero
1277 1352 1454 1424 non’,
1521 1349 1569 1409 si
1632 1348 1804 1409 tollas
1870 1336 2230 1429 pronomen,
2297 1349 2617 1428 incongrua
2687 1351 2796 1411 erit
2856 1350 3019 1412 locu·

427 1455 543 1515 tio.·'
626 1454 727 1514 sed
795 1454 909 1515 boc
977 1454 1114 1514 facit
1180 1452 1276 1512 hic
1343 1450 1588 1511 maxime
1656 1450 1991 1512 coniunctio
2050 1451 2382 1530 ‘quidem’.
2486 1452 2680 1530 itaque
2737 1471 2845 1530 ego
2894 1471 3014 1513 non
3050 1465 3115 1517 84

353 1572 400 1611 10
428 1557 710 1631 arbitror,
759 1555 913 1633 quod
961 1554 1196 1628 dicunt,
1239 1572 1438 1613 verum
1479 1571 1611 1613 esse
1656 1551 2040 1630 generaliter;
2097 1571 2215 1613 non
2263 1552 2419 1612 enim
2464 1554 2801 1615 omnimodo
2847 1563 3021 1633 egent

430 1657 876 1737 pronominibus
929 1655 1136 1730 verba,
1188 1656 1362 1733 idque
1405 1656 1729 1715 affirmatur
1771 1673 1889 1714 non
1935 1673 2004 1714 ex
2048 1654 2277 1734 poetica
2322 1654 2512 1715 solum
2559 1657 3019 1729 constructione,

428 1761 520 1821 cui
562 1758 697 1820 licet
739 1767 797 1819 et
848 1758 1100 1820 delicere
1145 1766 1203 1817 et
1237 1756 1569 1829 abundare,
1630 1756 1732 1816 sed
1781 1775 1850 1816 ex
1904 1756 2197 1816 communi
2243 1755 2572 1818 elocutione
2616 1757 2920 1818 doctorum
2965 1765 3024 1817 et

429 1861 676 1922 maxime
721 1881 754 1921 a
797 1859 1152 1939 scriptorum
1190 1857 1660 1932 constructione,
1716 1858 1817 1935 qui
1872 1858 2000 1918 sine
2050 1859 2277 1927 metris,
2312 1858 2640 1919 scribentes
2694 1853 3021 1939 perspicaci

430 1964 616 2042 magis
672 1982 740 2023 ea
796 1970 1043 2023 utuntur
1095 1968 1152 2021 et
1208 1980 1278 2021 ex
1336 1961 1390 2021 vi
1448 1960 1635 2040 ipsius
1689 1958 1974 2020 orationis
2031 1959 2226 2020 solent
2282 1960 2436 2038 quod
2488 1960 2886 2023 necessarium
2932 1969 3027 2022 est

358 2081 403 2119 ιτ»
431 2084 746 2146 apponere,
1269 2052 1272 2055 ¹

602 2170 747 2229 Cum
796 2165 1167 2227 manifestum
1216 2172 1307 2226 est
1359 2164 1433 2224 de
1491 2162 1862 2240 obliquorum
1927 2162 2394 2238 constructione,
2456 2163 2797 2238 sciendum,
2866 2166 3023 2243 quod

430 2272 632 2332 insunt
677 2267 736 2329 in
782 2266 1133 2346 quibusdam
1186 2265 1451 2346 partibus
1496 2262 1778 2325 orationis
1825 2264 2066 2326 aliarum
2112 2264 2365 2343 partium
2410 2265 2775 2340 intellectuS,
2822 2275 2918 2340 ut,
2975 2268 3025 2328 si

430 2373 619 2433 dicam
684 2371 936 2443 ‘Aiax',
1013 2368 1288 2446 intellego
1361 2375 1419 2427 et
1482 2385 1664 2427 unum
1722 2385 1831 2445 per
1889 2385 2200 2427 numerum
2263 2367 2651 2444 singularem;
2725 2369 2773 2429 si
2836 2368 3026 2429 dicam

429 2472 929 2545 ‘Anchisiades’,
999 2468 1278 2548 intellego
1345 2469 1678 2546 genetivum
1751 2468 2108 2546 singularem
2164 2468 2436 2548 primitivi
2498 2478 2558 2530 et
2611 2469 2836 2531 ‘tilius’
2893 2489 3026 2531 cum

348 2574 783 2637 eonominativo
851 2572 1164 2651 singulari:
1239 2571 1288 2631 si
1362 2571 1552 2631 dicam
1604 2570 1993 2644 ‘divinitus’,
2062 2569 2338 2649 intellego
2414 2590 2629 2633 nomen
2700 2591 2833 2633 cum
2887 2574 3027 2632 ‘ex'

428 2676 864 2759 praepositione
924 2674 1012 2751 [id
1058 2681 1150 2734 est
1194 2677 1301 2733 ‘ex
1345 2672 1565 2749 diis'];
1627 2669 1675 2732 si
1718 2672 1911 2733 dicam
1962 2671 2278 2743 ‘fortiora
2332 2672 2607 2751 intellego
2658 2674 2919 2753 ‘magis’
2970 2682 3029 2734 et

431 2780 743 2862 positivum
792 2776 1067 2858 primitivi
1116 2776 1196 2854 [id
1241 2783 1333 2837 est
1376 2773 1640 2852 ‘sortis’].
1723 2772 2203 2857 innumerallbilis
2248 2784 2338 2836 est
2382 2775 2790 2838 huiuscemodi
2831 2795 3027 2838 exem·
3060 2794 3129 2847 85

431 2884 660 2963 plorum
707 2881 894 2960 copia.
986 2898 1095 2939 nec
1135 2887 1226 2938 est
1268 2877 1613 2960 dicendum,
1668 2876 1857 2956 quod,
1914 2877 1963 2937 si
2005 2877 2195 2937 dicam
2238 2878 2710 2954 ‘Anchisiades’,
2755 2880 2924 2941 deest
2971 2890 3031 2942 et

432 2984 605 3044 debet
661 2983 713 3042 ei
773 2961 905 3041 addi
967 2979 1252 3057 ‘tilius’f
1298 2988 1356 3041 et
1413 2979 1463 3040 si
1514 2978 1791 3052 addatur,
1848 2979 2077 3058 poetica
2127 2988 2219 3040 est
2274 2965 2540 3055 lic'entia,
2603 2981 2921 3063 qnolmodo
2972 2989 3032 3041 et

354 3101 404 3140 ²5
433 3084 898 3165 praepositiones
944 3081 1137 3142 solent
1180 3082 1394 3142 addere
1439 3089 1497 3142 et
1544 3081 1839 3155 minuere,
1892 3089 1955 3142 ut
1991 3081 2397 3142 Terentius
2440 3082 2499 3142 in
2544 3083 2854 3144 Andria:

735 3185 828 3246 Ad
875 3192 944 3244 te
988 3184 1299 3244 advenio
1347 3202 1582 3263 spem,
1631 3183 1989 3257 salutem,
2041 3182 2430 3258 auxilium,
2476 3231 2490 3245 .
2527 3231 2541 3245 .
2587 3194 2979 3265 expetens.

433 3287 812 3366 Virgilius
857 3287 917 3346 in
962 3286 986 3347 1
1030 3285 1433 3347 Aeneidos:

1048 3388 1347 3448 scelere
1391 3395 1558 3448 ante
1603 3385 2232 3470 alios'immanior
2273 3406 2567 3465 omnes3

573 3612 596 3661 1
641 3585 716 3659 si¹¹
755 3610 805 3659 N
941 3611 972 3657 2
1009 3605 1289 3673 insimulat]
1324 3607 1367 3656 S
1401 3607 1725 3658 insimulatur
1754 3623 1784 3656 r
1817 3609 1930 3661 rell.
1966 3586 2289 3659 &simulatus
2326 3608 2374 3658 13
2511 3609 2848 3675 inperfectiua
2873 3613 2922 3662 D

431 3681 496 3745 et]
536 3689 589 3730 ut
627 3681 669 3733 0
841 3678 874 3728 3
910 3679 1289 3731 adiunctionem
1321 3677 1388 3726 M
1555 3677 1929 3743 perfeccionem
1964 3678 2010 3728 13
2175 3679 2240 3727 de
2274 3693 2387 3741 sup.
2427 3681 2511 3729 lin.
2557 3681 2681 3730 add.
2721 3697 2752 3730 r
2918 3681 3022 3748 his]

432 3753 514 3801 liis
553 3766 685 3800 unus
727 3749 768 3799 0
921 3752 1139 3813 sepatim
1180 3749 1229 3797 N
1382 3750 1416 3798 4
1453 3746 1621 3814 verbi]
1660 3764 1690 3796 r
1726 3747 1883 3798 uerbo
1920 3746 2012 3798 Ro
2161 3755 2433 3799 tractemus
2470 3747 2690 3816 dicetur]
2728 3768 2758 3800 r
2793 3753 3025 3802 dicemus

430 3830 671 3872 tractetur
709 3821 754 3871 l:
921 3821 1250 3870 tractabimus
1290 3818 1504 3868 &DNS
1666 3818 1699 3868 o
1736 3826 1939 3866 sumant
1969 3834 2001 3866 r
2032 3828 2240 3868 sumunt
2273 3819 2320 3868 R
2483 3829 2537 3870 ut
2573 3836 2669 3886 ego
2709 3822 2824 3871 O?L
2991 3824 3024 3872 7

429 3888 870 3956 approbationem]
909 3893 928 3940 l
963 3890 1337 3956 approbation·
1362 3888 1399 3954 (i
1414 3888 1459 3953 ἲ)
1493 3889 1540 3937 L
1703 3887 1736 3936 8
1774 3888 1919 3937 adt'ui
1956 3887 2114 3938 MOI)
2275 3904 2398 3938 uero
2437 3890 2560 3939 add.
2596 3907 2628 3939 r
2782 3889 2954 3957 tollas]
2995 3909 3026 3941 r

429 3963 567 4010 tollis
603 3960 650 4010 R
812 3962 1096 4026 incongrua
1128 3958 1209 4008 uel
1248 3960 1506 4023 incognita
1542 3956 1632 4006 M?
1792 3958 2011 4008 elocutio
2044 3957 2157 4009 MD
2300 3958 2364 4009 10
2399 3959 2597 4026 verum]
2637 3968 2802 4010 utrum
2842 3961 2884 4010 0

432 4032 490 4082 11
526 4032 694 4094 itaque
733 4029 800 4079 O?
938 4029 1237 4080 adfirmatur
1269 4028 1417 4078 RON
1555 4029 1616 4079 12
1658 4028 1817 4091 liquet
1853 4028 1902 4077 L
2062 4029 2180 4078 licet
2213 4029 2428 4078 deficere
2465 4029 2514 4077 N
2667 4028 2949 4097 abundare]
2993 4048 3024 4080 r

429 4152 727 4202 habundare
762 4151 861 4202 RN
997 4149 1282 4200 elocutione
1318 4150 1514 4200 ectione
1553 4149 1816 4200 doctorum
1855 4148 2053 4215 (subest
2084 4166 2129 4200 v.
2168 4152 2202 4199 l.
2243 4103 2554 4214 etzegffiigne)
2586 4150 2635 4198 N
2766 4159 2885 4214 post
2920 4152 3025 4201 elo·

1323 4219 1412 4229 ono—00·
1415 4219 1516 4228 ooooooo

429 4257 629 4306 cutione
665 4270 800 4308 voce.
841 4255 1108 4304 doctorum
1130 4280 1194 4289 —
1217 4256 1589 4304 constructione
1624 4269 1736 4313 οηι,
1771 4253 1872 4302 sed
1900 4254 1951 4302 in
1987 4268 2079 4318 my.
2110 4254 2232 4318 add,
2269 4252 2331 4302 M
2490 4255 2555 4307 13
2592 4256 2875 4320 perspicaci
2913 4271 3020 4306 ma-

427 4325 529 4393 gis]
571 4343 600 4374 r
626 4325 957 4391 perspicalcis
991 4324 1036 4374 R
1070 4325 1436 4388 perspicaciter
1471 4325 1636 4389 magis
1673 4325 1723 4373 N
1897 4323 1961 4372 14
2009 4324 2255 4374 orationis
2291 4339 2382 4374 om.
2419 4323 2461 4373 Ο
2621 4333 2739 4388 post
2775 4326 3021 4377 orationis

425 4413 536 4462 sqq.
571 4412 729 4462 usque
760 4395 833 4444 ad
866 4397 1076 4444 atter-mn
1110 4395 1355 4444 orationis
1390 4409 1482 4444 om.
1523 4395 1569 4444 R
1605 4394 1724 4443 add.
1765 4409 1797 4441 r
1966 4392 2030 4444 18
2063 4394 2231 4443 dicam
2272 4392 2424 4460 Aiax]
2463 4411 2494 4443 r
2527 4395 2799 4445 dicanaiax
2835 4396 2881 4447 R

1697 4459 1817 4511 quod
1836 4463 1902 4499 est
1924 4459 2127 4500 anchises
2688 4460 2805 4513 quod
2821 4467 2885 4503 est
2900 4462 3020 4504 filius

427 4525 474 4569 et
511 4517 770 4568 homiuem
807 4523 857 4566 et
893 4530 1050 4566 unum
1096 4515 1148 4564 N
1357 4513 1421 4564 19
1467 4515 1714 4580 primitini
1760 4534 1952 4567 un*
1996 4530 2110 4564 cum
2158 4516 2470 4565 nominatiuo
2520 4515 2792 4581 singulari.
2934 4520 3023 4570 Dd

564 4595 611 4636 et
649 4588 785 4637 tilius
821 4602 933 4637 cum
971 4586 1287 4635 nominatino
1320 4583 1594 4650 singulari]
1636 4585 1738 4634 det.
1777 4593 1829 4635 et
1860 4587 1910 4633 in
1946 4600 2039 4649 my.
2066 4585 2321 4636 substituit
2351 4586 2487 4649 quod
2521 4594 2598 4636 est
2627 4587 2865 4637 anchisae
2902 4605 3017 4639 cum

429 4659 741 4707 nominatiuo
778 4656 1027 4723 singulari
1063 4655 1198 4719 quod
1238 4662 1313 4704 est
1356 4654 1491 4704 filius
1524 4671 1555 4703 r
1588 4663 1639 4704 et
1682 4655 1757 4704 sic
1788 4657 1840 4704 in
1875 4663 2114 4705 contextu
2153 4655 2195 4704 Ο
2243 4671 2356 4706 cum
2405 4657 2719 4707 nominatiuo
2766 4657 3019 4724 singulari

425 4727 563 4776 tilius
605 4728 682 4788 M,
719 4734 777 4776 at
808 4743 854 4776 v.
891 4727 1126 4789 Apollon.
1160 4728 1194 4775 l.
1231 4727 1266 4773 1.
1300 4719 1362 4786 p?
1389 4723 1502 4782 117,
1539 4725 1570 4774 7
1609 4723 1709 4772 Bk.
1851 4725 1922 4774 20
1959 4723 2229 4790 divinitus]
2259 4742 2289 4774 r·
2323 4726 2518 4776 diuitus
2551 4727 2597 4776 R
2737 4727 2800 4777 21
2838 4729 2960 4794 diis]
2988 4746 3019 4778 r·

428 4797 510 4846 dis
548 4798 593 4848 R
767 4797 835 4846 22
872 4793 1175 4862 positivum]
1216 4811 1246 4842 r
1283 4795 1490 4858 positini
1526 4795 1573 4845 R
1748 4791 2086 4843 hui’scemodi
2118 4793 2160 4842 S
2322 4795 2391 4846 23
2427 4793 2543 4861 nec]
2580 4812 2611 4844 r
2646 4811 2709 4846 ne
2738 4798 2785 4848 R
2948 4803 3015 4850 24

427 4867 567 4916 nlius
598 4867 716 4915 addi
757 4865 798 4915 O
937 4867 1005 4916 25
1043 4865 1314 4916 terrentius
1351 4863 1465 4912 ML
1610 4864 1726 4912 Ter.
1764 4863 1931 4913 Andr.
1969 4864 2012 4912 11
2057 4863 2102 4922 l,
2145 4862 2210 4913 19
2358 4864 2428 4916 26
2456 4865 2703 4916 auxilinm
2741 4868 3014 4919 consilium

427 4944 675 5001 expetens
718 4936 985 4986 Terentius
1123 4936 1190 4985 27
1235 4935 1394 4998 Ver-9.
1426 4935 1557 4983 Aen.
1598 4935 1618 4982 1
1650 4932 1752 4983 34⁷
1786 4933 1860 4996 cf.
1893 4931 1977 4983 lib.
2014 4933 2082 4983 111
2115 4934 2149 4996 s
2182 4935 2215 4985 5
2352 4936 2572 5002 qnqidoa
2607 4935 2651 4985 S
