3576 5595
1324 454 1551 515 LIBER
1596 453 1748 515 XVI!
1794 441 2030 519 28—31
2853 449 2973 511 127

487 584 529 625 p.
559 573 672 614 1050.
700 574 744 613 5¹
781 572 827 613 r.
2133 579 2137 582 >
2546 581 2588 622 p.
2618 569 2786 609 23-25
2813 567 2867 609 κ.

387 644 559 705 etiam
600 642 964 723 pronominis
1008 641 1298 722 accipitur
1335 641 1808 716 demonstrativi,
1846 636 1860 723 Ι
1898 639 2052 718 quod
2098 638 2391 716 significat
2429 641 2584 721 apud
2627 659 2737 702 nos
2779 640 2972 715 ‘hic’,

385 730 574 818 ὁῦτος.
676 736 1034 821 ἆοριστῶδες
1088 762 1323 823 quoque
1382 744 1495 805 boc
1545 743 1735 817 idem,
1791 741 1847 802 id
1907 748 2000 802 cst
2044 730 2109 800 τό
2162 730 2333 813 (ὅς’,
2390 742 2691 804 nominant
2741 732 2972 821 μόριον,

387 847 442 907 iu
508 854 599 907 est
663 846 947 908 infinitam
1013 846 1388 927 particulam,
1457 844 1692 923 quando
1758 862 1867 924 pro
1924 834 2083 915 ὅστις
2140 842 2456 923 accipitur,
2526 844 2680 922 quod
2740 845 2974 925 proprie

389 957 479 1009 est
529 949 683 1030 apud
728 968 839 1013 nos
900 949 1090 1028 ‘qui',
1148 956 1213 1009 ut
1269 948 1408 1026 ‘qui
1464 947 1777 1008 interficiet
1833 954 2174 1025 tyrannum,
2216 941 2244 1026 ΙΙ
2287 945 2610 1024 praemium
2668 944 2972 1025 accipiat’.

334 1070 359 1108 ε,
388 1059 446 1109 et
510 1069 757 1112 necesse
806 1058 929 1125 est,
996 1050 1238 1111 eandem
1296 1050 1449 1110 hanc
1505 1066 1639 1110 esse
1698 1056 1925 1128 partem
1987 1046 2266 1107 orationis
2329 1064 2505 1123 quam
2564 1048 2789 1125 ‘quis',
2842 1066 2971 1108 cum

388 1154 561 1214 etiam
627 1152 845 1232 obliqui
913 1151 970 1212 in
1027 1151 1300 1215 omnibus
1359 1150 1582 1212 similes
1643 1156 1782 1211 sunt
1845 1166 2049 1211 eornm
2113 1166 2287 1208 casus
2337 1147 2561 1226 absque
2612 1149 2971 1211 accentibus.

389 1263 445 1315 et
506 1254 680 1332 ‘qui’
738 1254 970 1332 quidem
1033 1273 1140 1334 pro
1195 1253 1401 1331 ‘quis'
1457 1251 1684 1312 infinito
1751 1250 1842 1311 vel
1909 1249 2323 1328 interrogativo
2380 1250 2696 1330 accipitur,
2766 1252 2970 1330 ‘quis’

388 1375 524 1417 vero
583 1375 691 1435 pro
748 1355 985 1416 relativo
1039 1372 1376 1433 numquam.
1480 1352 1775 1431 quomodo
1820 1370 1961 1430 ergo
2008 1351 2269 1430 ‘qualis'
2332 1360 2392 1411 et
2440 1353 2730 1431 ‘quantus
2747 1357 2789 1426 ⁹,
2855 1354 2975 1416 sive

389 1458 797 1535 interrogativa
877 1458 996 1517 sint
1059 1457 1178 1517 sive
1241 1456 1476 1517 intinita·
1538 1455 1657 1516 sive
1726 1453 2024 1529 relativa,.
2068 1453 2331 1532 quamvis
2391 1462 2617 1514 mutent
2677 1464 2974 1530 accentus,

313 1578 363 1616 ιο
392 1577 538 1618 ιιοη.
569 1567 707 1619 sunt
762 1558 1024 1619 diversae
1078 1566 1312 1638 partes,
1380 1557 1467 1618 sic
1524 1575 1717 1635 neque
1775 1576 1953 1636 supra
2010 1556 2223 1627 dicta„
2272 1554 2606 1655 sed-latius
2650 1555 2724 1617 de
2769 1575 2972 1619 eorum

385 1668 706 1739 potestate,
749 1680 886 1723 cum
930 1661 1003 1722 de
1050 1659 1397 1740 pronomine
1438 1659 1878 1730 scribebamus,
1926 1656 2319 1719 tractavimus.

555 1761 684 1823 Hoc
722 1763 909 1837 idem,
978 1762 1035 1823 id
1081 1769 1173 1824 est
1226 1762 1425 1841 ‘qui',
1495 1761 1767 1839 quotiens
1815 1760 2187 1838 subiungitur
2229 1759 2486 1834 nomini,
2552 1762 2849 1839 quomodo
2905 1753 3040 1834 39V
3077 1777 3145 1830 30

384 1862 537 1943 apud
587 1864 873 1939 GraecoS,
927 1882 1174 1925 necesse
1234 1872 1329 1924 est
1371 1882 1490 1925 non
1536 1862 1726 1924 solum
1767 1862 1840 1922 ad
1886 1880 2104 1924 nomen
2145 1861 2580 1943 praepositum,
2640 1864 2741 1924 sed
2800 1864 2974 1925 etiam

386 1965 459 2025 ad
517 1965 574 2026 id
642 1966 1019 2028 subiunctum
1072 1965 1317 2028 alterum
1372 1965 1611 2026 verbum
1670 1964 1954 2045 proferri,
2016 1972 2082 2024 ut
2121 1964 2343 2026 ‘virum
2382 1983 2564 2039 cano,
2615 1965 2714 2043 qui
2759 1966 2975 2026 venit’.

316 2084 361 2124 15
388 2067 839 2131 sinominativo
884 2050 1278 2128 nominativus
1314 2066 1684 2145 adiungitur,
1722 2067 1794 2126 ad
1842 2065 2087 2127 eandem
2134 2072 2448 2146 personam
2497 2067 2666 2128 verba
2711 2068 2977 2128 reserun—

388 2178 513 2235 tur:
588 2169 804 2230 ‘homo
867 2169 1053 2242 venit,
1127 2169 1234 2247 qui
1295 2169 1602 2248 scripsit'3
1684 2167 1775 2229 sin
1835 2167 1953 2228 duo
2004 2166 2222 2246 obliqui
2281 2176 2448 2239 sunt,
2509 2168 2581 2227 ad
2630 2167 2800 2229 aliam
2841 2188 2978 2248 per-

388 2290 592 2332 sonam
636 2271 903 2333 transitio
952 2273 1018 2332 fit
1069 2271 1380 2333 verborum
1429 2270 1515 2331 vel
1564 2271 1623 2330 in
1672 2288 1738 2331 se
1783 2269 2216 2350 reciprocatur,
2274 2277 2338 2330 ut
2375 2269 2740 2344 ‘hominem,
2798 2287 2975 2348 quem

386 2373 707 2453 vitupero„
758 2375 1010 2435 accuso'
1076 2380 1134 2433 ct
1201 2376 1488 2445 ‘memet,
1571 2388 1748 2450 quem
1818 2370 2115 2450 vitupero,
2194 2373 2484 2447 accuso';
2573 2371 2664 2432 sin
2725 2370 2972 2434 alterum

316 2517 324 2521 -
388 2475 465 2535 sit
518 2475 886 2551 nominativi,
952 2475 1198 2536 alterum
1260 2494 1395 2536 vero
1443 2473 1699 2552 obliqui,
1767 2472 1841 2532 ad
1911 2472 2330 2534 nominativum
2395 2492 2511 2533 non
2578 2474 2643 2534 tit
2705 2474 2974 2535 transitio

314 2576 548 2637 zoverbi
596 2576 670 2637 ab
710 2576 822 2637 alia
880 2594 1131 2656 persona
1192 2576 1264 2636 ad
1313 2575 1516 2649 aliam,
1573 2575 1644 2636 ail
1703 2573 2004 2652 obliquum
2062 2593 2196 2635 vero
2252 2575 2349 2647 fit,
2409 2582 2475 2634 ut
2530 2575 2741 2636 ‘homo
2798 2576 2974 2649 venit,

389 2696 562 2757 quem
621 2680 874 2739 accuso'
933 2677 1022 2738 vel
1082 2676 1373 2739 ‘bominis
1434 2676 1748 2750 misereor,
1824 2675 1924 2754 qui
1978 2676 2192 2736 venit’.
2292 2675 2484 2745 omnia
2535 2683 2764 2751 tamen,
2822 2696 2971 2757 qnae
3007 2698 3069 2749 31

389 2781 466 2843 irr
527 2780 869 2842 transitione
950 2780 1126 2853 liunt,
1203 2761 1470 2862 poslsnut
1551 2778 1724 2840 ctiam
1804 2778 1863 2838 in
1937 2774 2400 2858 reciprocatione
2478 2777 2633 2852 ficri,
2700 2786 2759 2840 et
2830 2799 2977 2859 quo—

388 2881 562 2943 modo
636 2881 809 2959 Sqni’
881 2890 938 2942 et
1001 2881 1126 2941 eius
1191 2880 1410 2958 obliqui
1467 2898 1672 2941 omnes
1736 2880 1808 2940 ad
1872 2880 2259 2941 nominativos
2323 2879 2583 2941 omnium
2652 2882 2974 2943 casualium

389 2984 541 3044 bene
601 2983 971 3053 reseruntur,
1041 2989 1106 3041 ut
1169 2980 1511 3059 ‘VirgiliuS,
1584 2981 1683 3059 qui
1758 2982 2067 3064 scripsit’,
2127 2979 2464 3060 ‘Virgilius,
2522 2982 2692 3044 cuius
2757 2984 2974 3065 scripta

534 3135 554 3185 l
607 3136 761 3184 etiam
804 3134 1119 3201 pronominis
1165 3132 1275 3183 loco
1323 3133 1390 3184 M
1559 3132 1980 3213 dpmonstrativi]
2031 3151 2062 3184 r
2103 3135 2502 3186 demonstratiua
2548 3136 2596 3188 R
2769 3137 2979 3187 demon-

390 3206 590 3257 stratiui
627 3218 800 3255 orroc
852 3203 988 3268 quod
1034 3202 1136 3252 OS!
1169 3205 1218 3253 iri
1252 3219 1361 3256 ras.
1539 3215 1704 3262 ουτος
1741 3205 1878 3267 quod
1911 3231 1980 3241 —
2012 3198 2298 3270 μόριον-ἐπ
2334 3220 2441 3258 ras.
2482 3214 2532 3255 ec
2563 3206 2638 3256 ad
2669 3221 2762 3272 my.
2800 3208 2924 3258 add.
2960 3212 2981 3257 1

530 3291 623 3327 nos
672 3274 757 3324 hic
804 3288 964 3324 ovroc
1014 3288 1314 3324 Aricrwanc
1362 3289 1392 3321 r
1436 3286 1529 3322 nos
1577 3272 1662 3323 liic
1709 3288 1891 3328 ova-oc.
1941 3290 2225 3325 aorici-oon
2261 3276 2312 3325 N
2354 3289 2449 3327 nos
2482 3274 2566 3324 hic
2610 3281 2979 3332 some-rone!

391 3359 482 3394 nos
529 3360 614 3395 mc
659 3357 979 3396 aorici-osso
1025 3342 1067 3392 S
1123 3358 1215 3394 nos
1255 3342 1337 3392 hic
1383 3358 1714 3395 sorici-wate
1758 3360 1786 3394 s
1849 3360 1943 3397 nos
1985 3344 2067 3396 hic
2111 3359 2270 3396 ovi-oc
2319 3358 2606 3395 orici-caue
2655 3346 2701 3396 R
2757 3361 2849 3396 nos
2896 3346 2979 3396 hic

389 3427 900 3466 osvrocoricrwasc.
939 3417 967 3463 ὃ
1008 3413 1074 3463 M
1116 3429 1208 3464 nos
1242 3412 1326 3462 bic
1361 3427 1696 3464 soricowanc
1733 3413 1775 3463 O
1828 3430 1921 3465 uos
1956 3414 2039 3464 liic
2072 3429 2215 3467 ov‘ro.
2252 3429 2540 3464 aortcrwsa
2572 3414 2622 3463 D
2672 3430 2764 3464 uns
2802 3416 2846 3466 G
2885 3431 2979 3468 nos

392 3499 653 3535 uvcovroc
699 3497 1011 3535 aorici-osse
1052 3499 1089 3549 9
1262 3485 1296 3533 2
1342 3472 1713 3549 ἄοριστῶδες]
1766 3487 1801 3533 2
1851 3500 1945 3537 om.
2000 3487 2030 3534 1
2079 3476 2344 3550 ἀόριστον
2390 3483 2507 3535 edd.
2555 3486 2673 3535 inde
2720 3501 2754 3533 α
2800 3500 2841 3549 g
2878 3482 2977 3535 ἄν·

391 3551 552 3620 ρισον
592 3557 626 3604 3
797 3552 1031 3618 quoque]
1082 3553 1165 3603 uel
1216 3553 1302 3616 qni
1348 3569 1461 3617 sup.
1495 3555 1582 3606 lin.
1623 3555 1746 3607 add.
1799 3553 1844 3604 G
2017 3569 2219 3618 quoqne
2253 3551 2382 3620 boc]
2434 3554 2537 3603 Hoc
2574 3569 2777 3619 qunque
2809 3572 2841 3604 r
3035 3615 3055 3623 -

391 3626 485 3674 hoc
531 3626 667 3675 idem
719 3640 811 3674 om.
863 3625 906 3674 G
950 3621 1007 3671 Μ’
1047 3624 1099 3672 N
1264 3621 1398 3671 idem
1447 3624 1497 3672 id
1550 3621 1658 3689 est]
1713 3624 1766 3672 id
1803 3632 1877 3672 cst
1922 3626 2035 3674 Ml,
2088 3622 2186 3674 ide.
2227 3625 2275 3673 D
2321 3625 2466 3678 ἰαὶ-ἑ·
2500 3623 2541 3674 S
2715 3639 2978 3677 nonianu-

389 3695 437 3742 D
579 3709 799 3745 uonrion
838 3693 904 3743 M
937 3707 1167 3742 moratos
1198 3694 1249 3742 N
1277 3707 1467 3743 namon
1496 3694 1544 3742 D
1579 3708 1769 3745 numos
1804 3692 1845 3742 0
1985 3694 2016 3744 3
2055 3694 2247 3744 infinita
2285 3695 2346 3744 M
2487 3684 2661 3760 ὅστις]
2702 3697 2722 3743 I
2756 3692 2898 3746 osiae
2933 3696 2977 3743 L

391 3764 573 3815 liocric
607 3766 656 3815 N
794 3758 1021 3831 proprie]
1063 3779 1092 3810 r
1127 3763 1364 3829 propriae
1400 3764 1447 3814 R
1587 3765 1620 3813 4
1661 3763 1928 3814 interliciat
1966 3763 2145 3815 MSGr
2180 3764 2415 3813 interlicit
2455 3765 2505 3813 N
2643 3766 2893 3815 tirannum
2934 3764 2979 3813 G

392 3836 671 3886 tir-annum
703 3834 752 3883 l,
895 3834 1178 3899 proemium
1219 3831 1315 3882 GL
1455 3832 1664 3898 accipiet
1703 3833 1750 3881 D
1903 3835 1935 3884 5
1973 3835 2057 3898 qui
2084 3842 2203 3897 post
2232 3843 2308 3883 cst
2341 3849 2453 3897 sup.
2490 3835 2577 3887 lin.
2616 3834 2737 3885 add.
2778 3836 2845 3886 M
3018 3839 3033 3852 '²

1359 3905 1364 3910 ’
2287 3908 2357 3948 nel
2420 3909 2462 3947 ui

391 3973 583 4030 partem
621 3964 865 4014 orationis
901 3977 1015 4012 esse
1051 3963 1101 4012 N
1252 3976 1402 4025 qnam
1442 3958 1586 4027 quis]
1627 3978 1697 4010 ex
1729 3963 1962 4026 quamuis
1998 3978 2132 4015 corr.
2179 3964 2223 4013 L
2273 3921 2509 4027 quatinus
2546 3964 2591 4016 G
2716 3967 2763 4017 n
2797 3967 2846 4016 in
2888 3982 2975 4016 no-

391 4050 616 4099 minibus
652 4053 671 4099 1
804 4051 905 4101 sint
926 4048 1017 4099 DS
1134 4047 1390 4111 QEorum
1430 4063 1579 4097 casus
1613 4049 1810 4112 absque
1848 4048 2095 4106 accentib;
2128 4047 2175 4098 δι
2204 4051 2252 4099 D
2394 4052 2738 4102 accidentibus
2760 4053 2803 4104 R
2943 4055 2974 4102 7

394 4134 499 4201 vel]
533 4153 563 4185 r
597 4151 632 4200 p
659 4133 716 4184 'R
872 4135 1120 4202 accipitur
1155 4135 1400 4201 accipitur
1418 4136 1499 4185 Ην·
1638 4137 1671 4186 8
1708 4149 1802 4200 pro
1835 4134 1922 4197 qni
1949 4134 2162 4188 relatiuo
2183 4137 2275 4186 Nm
2427 4140 2462 4190 9
2485 4136 2606 4204 sint]
2631 4155 2662 4189 r
2685 4146 2806 4189 sunt
2831 4139 2876 4191 1³

1156 4204 1412 4213 ····················

393 4246 588 4287 mutant
625 4237 829 4289 MDNS
862 4246 1054 4288 motant
1090 4238 1134 4288 G
1280 4239 1344 4289 10
1378 4254 1533 4306 supra
1569 4235 1719 4305 dicta]
1751 4254 1783 4288 r
1816 4238 2110 4304 supradicto
2147 4240 2195 4292 R
2331 4242 2398 4293 de
2431 4241 2636 4306 eorum]
2664 4244 2730 4292 dn
2765 4243 2975 4294 deorum

393 4325 488 4376 DG
523 4339 694 4375 eorum
735 4326 783 4373 N
957 4325 1013 4376 11
1057 4323 1430 4392 scribebamus]
1464 4329 1514 4376 rl
1546 4327 1831 4377 scribamus
1861 4326 1959 4377 RL
2132 4328 2479 4395 tractavimus]
2517 4333 2537 4381 l
2567 4330 2894 4400 trqftabimus
2930 4315 2977 4381 L

537 4412 600 4462 12
635 4407 712 4475 id]
745 4410 867 4461 add.
891 4413 942 4460 rl
977 4425 1069 4464 om.
1098 4410 1244 4461 RGL
1384 4411 1571 4479 socon)
1607 4415 1654 4466 R
1802 4416 1864 4467 14
1904 4409 1989 4464 ut‘r
2014 4413 2059 4463 G
2198 4416 2314 4485 quis
2349 4417 2398 4465 D
2539 4418 2605 4469 15
2649 4418 2738 4467 ‚Et
2766 4419 2810 4467 si
2834 4415 2876 4466 S

399 4497 461 4549 16
496 4494 723 4563 scripsit]
765 4513 795 4546 r
841 4499 1015 4548 scribit
1050 4499 1097 4549 lt
1238 4497 1293 4549 Si
1323 4499 1487 4568 flabio
1522 4500 1709 4565 obliqui
1744 4496 1791 4564 ‚sj
1832 4501 1934 4550 siut
1965 4500 2027 4549 M
2071 4499 2189 4552 Siue
2225 4502 2383 4553 dubio
2428 4503 2624 4569 obliqui
2664 4505 2708 4555 si
2744 4506 2847 4555 sint
2884 4505 2980 4555 GL

529 4592 645 4634 sunt
677 4586 726 4634 in
764 4584 870 4640 sint,
897 4592 1014 4638 md.
1050 4585 1099 4633 D
1274 4585 1340 4636 ad
1375 4603 1488 4651 sup.
1526 4588 1612 4636 lin.
1651 4586 1773 4636 add.
1810 4603 1840 4635 r
2010 4587 2073 4638 17
2111 4588 2473 4656 reciprocatur]
2511 4608 2542 4641 r
2576 4593 2731 4658 recipi
2772 4607 2979 4658 praeca·

393 4680 482 4721 tur*
511 4673 556 4723 R
702 4671 765 4721 18
803 4668 1010 4736 memet]
1052 4687 1083 4720 r
1117 4681 1288 4722 manet
1317 4674 1365 4725 R
1502 4674 1631 4724 alter
1665 4676 1732 4723 sit
1767 4674 2112 4724 nominatiuus
2146 4674 2273 4724 alter
2302 4691 2424 4726 uero
2461 4678 2699 4742 obliquus
2734 4679 2776 4726 S
2920 4677 2982 4728 19

395 4754 611 4822 obliqui]
650 4758 688 4806 d
723 4758 825 4808 obli
864 4759 912 4808 D
1053 4757 1308 4825 transitio]
1352 4760 1390 4809 d
1420 4760 1657 4810 transicio
1689 4759 1739 4808 D
1878 4761 1948 4810 20
1984 4758 2079 4824 ab]
2119 4776 2149 4812 r
2183 4759 2230 4810 δι
2264 4762 2311 4812 Β
2449 4763 2744 4829 obliquum]
2781 4767 2821 4815 d
2855 4764 2981 4812 obli-

396 4859 514 4906 qum
553 4843 648 4893 DG
787 4860 909 4896 vero
937 4861 1030 4895 om.
1073 4845 1122 4894 L
1271 4860 1392 4895 uero
1431 4845 1546 4894 fecit
1581 4853 1636 4893 ut
1672 4848 1811 4897 uenit
1851 4848 1895 4896 G
2055 4846 2115 4897 21
2159 4848 2394 4896 miserior
2430 4852 2473 4898 G
2641 4854 2709 4901 ⁶22
2748 4852 2851 4900 lieri
2885 4850 2933 4920 ⁸?
2965 4851 2975 4918 Ι

395 4936 444 4977 ct
480 4928 555 4978 nr
589 4930 694 4977 lieri
729 4930 779 4978 id
818 4940 891 4981 cst
928 4932 1006 4981 sui
1046 4931 1283 4995 passione
1322 4940 1368 4980 et
1405 4930 1446 4978 S
1585 4935 1650 4985 24
1687 4930 1857 4996 cuius]
1893 4949 1922 4981 r
1954 4932 2067 4995 quis
2108 4934 2151 4984 lt
