3576 5595
608 368 734 429 480
1716 367 2087 429 PRISCIAM

711 496 752 535 μ
784 483 898 522 ¹242.
930 481 980 522 43
1008 481 1057 522 Ρ.
1315 475 1326 485 ·
2746 495 2793 536 p.
2820 482 2912 524 ³11.
2945 483 3009 522 ια.
3042 483 3095 523 κ.

506 562 572 610 92
609 562 800 613 tamen
849 562 906 613 et
949 553 1057 612 dea
1105 551 1296 629 aliqua
1341 551 1618 629 intellegi.
1672 552 1893 612 scimus
1947 554 2101 613 enim
2150 555 2306 630 quod
2352 553 2712 630 Virgilius
2759 553 2818 613 in
2866 563 3030 613 sexto
3068 557 3203 614 Ae-

606 654 868 714 neidos
921 653 1076 732 apud
1122 653 1343 714 inferos
1390 654 1542 714 inter
1578 663 1839 715 monstra
1888 654 2205 715 habitantia
2252 655 2310 714 in
2358 655 2624 715 faucibus
2669 655 2988 716 inferorum
3035 657 3203 735 ponit

604 756 778 816 etiam
814 774 986 815 curas
1028 754 1193 832 quasi
1240 755 1380 815 deas
1430 754 1673 833 aliqua5‚
1720 756 1924 816 dicens

906 857 1187 917 Luctus
1228 865 1296 916 et
1341 855 1659 918 ultrices
1703 876 2022 937 posuere
2070 858 2348 918 cubilia
2396 859 2648 919 Curae.

604 968 663 1021 et
718 959 1018 1037 quaeritur
1070 958 1309 1018 verbum
1364 978 1433 1018 ex
1486 979 1551 1018 re
1594 978 1669 1019 an
1715 978 1811 1019 res
1864 979 1933 1019 ex
1978 959 2153 1019 verbo
2205 957 2506 1021 nascitur?
2556 967 2612 1019 et
2658 960 2856 1038 potius
2901 959 3191 1019 antecedit
3221 983 3244 1017 .·‚

603 1062 762 1122 verbi
805 1066 974 1120 actus
1019 1059 1077 1119 in
1125 1060 1268 1133 boc,
1309 1079 1424 1138 quo
1467 1060 1595 1119 sine
1639 1079 1735 1119 res
1786 1079 1919 1119 esse
1966 1080 2081 1120 non
2123 1069 2335 1140 potest.
2430 1080 2539 1121 nec
2572 1061 2724 1121 enim
2773 1080 2982 1121 cursus
3027 1060 3199 1120 iutel-

602 1163 715 1237 legi
762 1169 958 1241 potest
1011 1161 1136 1220 sine
1192 1170 1465 1221 currente
1529 1180 1638 1221 nec
1692 1161 1965 1237 cogitatio
2018 1163 2146 1222 sine
2194 1163 2516 1240 cogitante:
2587 1162 2673 1222 sic
2713 1180 2854 1240 ergo
2900 1181 3011 1222 nec
3054 1180 3195 1223 cura

603 1267 730 1326 siue
787 1271 1046 1324 curante.
1137 1262 1363 1322 videtur
1421 1281 1562 1341 ergo
1617 1282 1750 1323 esse
1803 1262 2178 1323 derivativum
2228 1264 2459 1324 verbale
2515 1283 2547 1323 a
2606 1263 2782 1323 verbo
2831 1284 2973 1325 curo
3019 1282 3195 1322 curas

603 1377 822 1434 curat„
876 1364 982 1424 Dic
1033 1364 1265 1424 nomina
1326 1365 1637 1425 derivativa
1695 1385 1763 1424 ex
1818 1384 1905 1424 eo.
1998 1366 2279 1425 Curiosus
2335 1364 2650 1442 curagulus
2695 1374 2930 1425 curator
2969 1364 3194 1424 curatio

603 1475 870 1529 curatura
914 1465 1074 1526 curia
1115 1466 1389 1540 curialis3
1435 1466 1758 1545 composita
1799 1484 2042 1526 securus
2082 1485 2283 1527 scurra
2321 1467 2610 1526 obscurus
2655 1466 3039 1526 triscurrium.
3133 1473 3185 1525 et
3219 1488 3268 1526 io

534 1596 540 1602 ·
601 1570 835 1648 quidam
884 1576 1087 1646 putant
1131 1567 1205 1628 ab
1243 1586 1311 1648 eo
1359 1586 1557 1628 curam
1601 1567 1747 1641 dici,
1792 1568 1946 1645 quod
1994 1588 2096 1629 cor
2139 1569 2336 1645 agitat.

491 2094 560 2144 93

492 2806 558 2856 9-1

1855 1803 1918 1853 V.

1071 1944 1348 1984 INTEREA
1388 1943 1642 1983 Mssmvu
1681 1944 1930 1985 AENEAS
1971 1945 2084 1984 IAM
2127 1944 2370 1985 CLASSE
2406 1944 2727 1984 TENEBAT.

770 2077 999 2138 Scande
1045 2095 1297 2136 versum.
1387 2078 1580 2138 lutere
1655 2096 1686 2137 a
1723 2078 1874 2137 medi
1969 2097 2065 2138 um
2099 2082 2256 2138 Aene
2345 2098 2411 2139 as
2446 2079 2557 2138 iam
2633 2077 2822 2136 classe
2858 2083 2913 2134 te
2990 2075 3182 2135 nebat.

595 2183 752 2253 Quot
797 2179 974 2240 babet
1028 2175 1350 2238 caesuras?
1419 2179 1618 2239 Vnam.
1706 2178 1940 2249 Quam?
2017 2179 2602 2260 &misellis-nariam,
2651 2175 2872 2239 inlerea
2926 2177 3179 2238 medium
3211 2198 3260 2236 ιτ»

593 2288 838 2344 Aeneas,
927 2281 1084 2350 Quot
1131 2280 1448 2356 figurarum
1505 2277 1638 2338 est?
1699 2279 1933 2340 Decem.
2025 2281 2200 2340 babet
2250 2282 2405 2340 enim
2454 2288 2573 2341 tres
2620 2280 2883 2358 dactylos
2925 2289 2982 2337 et
3036 2279 3185 2338 duos

594 2382 914 2462 spondeos.
1004 2379 1245 2460 Trallcta
1303 2380 1569 2458 singulos
1625 2381 1825 2459 pedes.
1918 2381 2143 2441 Interea
2204 2391 2261 2441 et
2307 2392 2519 2442 cetera.
2610 2385 2767 2452 Quot
2811 2389 3009 2460 partes
3052 2398 3183 2440 ora·

595 2485 768 2546 tionis
832 2481 1009 2542 habet
1075 2483 1171 2542 hic
1228 2480 1476 2542 versus?
1567 2482 1700 2542 Sex.
1801 2486 1957 2553 Quot
2024 2482 2302 2543 nomina?
2384 2483 2535 2543 Tria.
2633 2480 2842 2553 Quae?
2930 2481 3182 2541 Medium

593 2590 820 2648 Aeneas
853 2584 1061 2644 classe.
1152 2585 1309 2654 Quot
1364 2581 1579 2643 verba?
1644 2583 1858 2652 Vnum,
1911 2578 2163 2644 tenebat.
2240 2585 2392 2655 Quid
2440 2583 2637 2645 aliud?
2722 2584 2848 2644 Duo
2894 2583 3180 2646 adverbia.

595 2689 815 2748 interea
862 2693 920 2745 et
964 2684 1098 2745 iam.
1177 2685 1386 2745 Tracta
1431 2684 1693 2762 singulas
1731 2693 1947 2765 partes,
2658 2721 2663 2726 -
3197 2709 3253 2747 πο

764 2788 1060 2849 Interea
1104 2805 1254 2865 quae
1294 2806 1432 2866 pars
1471 2787 1751 2849 orationis
1806 2786 1935 2848 est?
2013 2787 2382 2850 Adverbium.
2468 2787 2618 2860 Quid
2663 2796 2754 2848 est
2795 2783 3182 2847 adverbium?

595 2891 735 2952 Pars
786 2889 1068 2949 orationis
1109 2897 1168 2949 et
1202 2897 1415 2950 cetera.
1501 2890 1658 2959 Quot
1697 2890 1968 2950 accidunt
2010 2889 2325 2951 adverbio?
2370 2891 2533 2964 Tria,
2573 2888 2918 2967 significatio
2951 2889 3180 2969 speeies

593 2996 796 3071 figura.
880 3010 1013 3051 nam
1061 2991 1419 3070 comparatio
1458 3010 1576 3051 non
1610 3000 1701 3052 est
1741 2991 2015 3069 generale
2055 2992 2330 3053 accidens
2374 2992 2533 3053 omni
2574 2991 2878 3064 adverbi0‚
2921 2991 3177 3070 speciem

594 3105 788 3156 autem
854 3091 1050 3155 omnia
1114 3091 1334 3152 babent
1395 3092 1684 3153 adverbia.
1763 3101 1903 3153 sunt
1967 3095 2121 3153 enim
2188 3093 2275 3154 vel
2345 3093 2630 3173 primitiva
2693 3094 2780 3153 vel
2845 3092 3175 3153 derivativa.

594 3197 776 3258 Cuius
815 3194 1258 3273 significationis
1299 3202 1391 3255 est
1435 3194 1547 3254 hoc
1591 3193 1968 3255 adverbium?
2047 3195 2405 3274 Temlporis;
2466 3203 2659 3275 potest
2704 3203 2896 3254 tamen
2945 3214 3077 3254 esse
3120 3203 3177 3253 et
3195 3217 3248 3256 25

591 3298 723 3358 loci.
816 3297 996 3358 Cuius
1051 3304 1141 3356 est
1184 3292 1443 3375 speciei?
1523 3296 1912 3356 Derivativae:
1975 3296 2047 3357 ab
2087 3297 2145 3356 iu
2192 3296 2344 3357 enim
2384 3297 2677 3357 derivatur
2720 3297 2899 3370 iuter,
2946 3316 3012 3356 ex
3062 3314 3177 3373 quo

592 3400 706 3459 lioc
755 3398 1094 3459 adverbium
1145 3397 1534 3476 componitur.
1620 3397 1801 3458 Cuius
1856 3406 1948 3458 est
1992 3396 2262 3475 figurae?
2325 3398 2713 3478 Compositae.
2794 3398 2878 3457 Ex
2923 3395 3177 3475 quibus?

593 3501 678 3560 Ex
737 3501 968 3578 integro
1014 3508 1071 3560 et
1123 3507 1433 3578 corrupto,
1489 3500 1641 3559 inter
1689 3507 1748 3559 et
1803 3517 1888 3559 ea.
1975 3498 2103 3559 ideo
2160 3507 2354 3560 autem
2406 3508 2748 3580 corruptum
2796 3499 3045 3559 dicimus
3087 3518 3174 3571 ea,

590 3602 755 3680 quia,
810 3620 943 3661 cum
980 3601 1057 3662 sit
1102 3610 1372 3662 neutrum
1413 3600 1663 3681 plurale,
1715 3601 1928 3679 corripi
1968 3601 2185 3662 debuit.
2260 3602 2362 3661 sed
2408 3604 2539 3679 quia
2586 3605 2800 3663 sactum
2844 3608 2933 3659 est
2974 3599 3177 3658 adver-

591 3704 779 3778 bium,
827 3702 1099 3782 producit
1134 3723 1185 3763 a.
1259 3703 1318 3762 in
1364 3702 1521 3762 omni
1564 3702 1719 3761 enim
1762 3701 2034 3762 adverbio
2077 3722 2106 3762 a
2158 3702 2347 3763 finalis
2390 3704 2735 3782 producitur
2786 3709 3030 3781 excepto
3073 3700 3167 3759 ita.
3190 3719 3242 3758 co

590 3813 785 3885 potest
841 3813 1034 3865 tamen
1087 3811 1145 3864 et
1207 3801 1489 3864 ablativus
1548 3801 1803 3881 intellegi
1871 3803 2213 3880 singularis,
2271 3804 2369 3881 qui
2426 3805 2481 3864 in
2542 3803 2967 3884 compositione
3023 3801 3175 3863 solet

589 3906 991 3968 huiuscemodi
1039 3904 1311 3978 inveniri,
1360 3913 1422 3964 ut
1458 3905 1729 3983 quacirca
1774 3912 2148 3984 quapropter.

756 4008 1063 4069 Medium
1109 4025 1258 4084 quae
1303 4026 1440 4086 pars
1480 4006 1762 4067 orationis
1808 4004 1939 4067 est?
1986 4006 2229 4067 Nomen.
2310 4007 2459 4077 Quid
2506 4014 2596 4067 est
2640 4004 2894 4067 nomen?
2949 4006 3173 4067 Secun-

717 4207 752 4264 ‘l
796 4214 858 4261 de
894 4212 1065 4275 aliqua
1100 4226 1154 4258 re
1191 4211 1407 4277 intelligi
1443 4209 1484 4259 S
1530 4211 1593 4260 de
1637 4211 1737 4261 alia
1775 4227 1827 4259 re
1866 4211 2079 4276 intelligi
2116 4226 2149 4266 ς
2310 4210 2343 4263 3
2382 4212 2555 4260 dicens
2594 4212 2783 4261 Luctus
2820 4220 2868 4260 ct
2902 4228 2994 4264 om.
3035 4212 3119 4262 GS
3158 4227 3169 4259 :

594 4284 752 4347 Ver-9.
793 4283 923 4331 Aen.
967 4282 1032 4329 VI
1070 4281 1172 4329 274
1313 4284 1347 4330 6
1383 4289 1527 4329 actus
1566 4281 1656 4344 qd'
1682 4302 1799 4332 un
1837 4286 1997 4343 (corr.
2040 4296 2139 4343 quo
2177 4277 2315 4343 siue)
2356 4297 2437 4329 res
2472 4280 2513 4328 S
2547 4292 2689 4330 nctus
2726 4284 2774 4329 in
2812 4281 2907 4330 boc
2948 4283 3168 4341 nomino,

585 4354 702 4414 quia
741 4352 850 4401 siue
883 4367 936 4400 re
971 4365 1004 4407 ς
1144 4348 1178 4398 9
1215 4351 1304 4399 Dic
1338 4376 1410 4386 —
1450 4351 1503 4399 11
1548 4352 1706 4415 agitat
1749 4367 1841 4400 om.
1877 4351 1920 4399 S
2026 4351 2088 4400 10
2132 4366 2342 4400 securus
2390 4365 2563 4398 scurra
2601 4352 2818 4400 obscura
2857 4353 2899 4400 G
2958 4367 3170 4401 securus

586 4437 767 4472 secura
803 4422 1050 4469 obscurus
1088 4420 1129 4469 0
1266 4420 1525 4469 tricorium
1564 4435 1596 4475 ς
1647 4421 1936 4471 triscurium
1974 4436 2039 4468 ex
2077 4421 2269 4484 triplice
2303 4429 2352 4467 et
2388 4434 2507 4469 cura
2536 4460 2547 4471 .
2572 4429 2621 4468 et
2657 4421 2844 4470 dicitur
2880 4422 3168 4469 triscurium

585 4492 731 4553 quasi
779 4490 964 4553 triplex
1016 4499 1065 4537 et
1111 4489 1376 4554 multiplex
1423 4505 1542 4538 cura
1569 4525 1582 4538 .
1609 4491 1792 4555 triplex
1833 4491 1966 4538 enim
2020 4505 2109 4555 pro
2148 4488 2413 4553 multiplici
2456 4490 2686 4553 ponitur,
2727 4490 2879 4539 veluti
2919 4492 3170 4539 ternarius

586 4574 858 4618 numen-ue,
897 4559 982 4622 qui
1030 4573 1122 4622 pro
1160 4559 1424 4623 multiplici
1455 4560 1685 4608 similiter
1723 4561 1959 4624 ponitur.
1984 4560 2060 4607 vel
2100 4560 2388 4608 triscurium
2428 4573 2594 4623 genus
2630 4572 2707 4609 est
2741 4560 2844 4608 ludi
2882 4571 2930 4609 ct
2968 4562 3101 4608 venit
3139 4574 3170 4606 a

584 4645 704 4677 cura
741 4629 788 4676 l,
967 4627 1025 4677 11
1067 4628 1201 4689 quod
1239 4642 1326 4676 cor
1361 4635 1470 4677 urat
1507 4630 1586 4676 uel
1621 4630 1781 4694 agitet
1819 4643 1852 4685 ς
2028 4629 2090 4678 12
2129 4642 2529 4680 commetiuntur:
2567 4644 2813 4680 miscunt
2854 4644 3167 4680 enauit-truci

588 4712 635 4748 (κ
681 4710 880 4747 ennam
927 4710 1124 4745 censum
1175 4712 1356 4753 ρυΑητι
1407 4713 1545 4748 munt
1594 4713 1842 4750 astismos
1890 4714 2022 4750 risir
2069 4712 2284 4747 onon-un
2337 4712 2556 4747 musonii
2606 4714 2674 4750 im
2721 4714 2917 4747 rniuuu
2971 4714 3164 4747 censum

585 4778 760 4819 oniam
798 4780 931 4812 muni
967 4766 1008 4814 Ο
1051 4780 1238 4815 nunnus
1276 4782 1460 4823 Quaeri
1501 4783 1633 4817 uum
1673 4783 1870 4818 rimi-us
1915 4783 2004 4819 εει·
2042 4770 2085 4819 G
2123 4782 2221 4817 Lm.
2252 4782 2300 4816 v.
2349 4782 2502 4819 meir.
2537 4766 2580 4816 S
2716 4766 2782 4818 32
2818 4769 3052 4831 quocirca
3085 4770 3169 4818 CG

586 4847 724 4881 corr.
763 4831 999 4894 quocirca
1021 4831 1062 4881 S
1097 4835 1334 4896 quocirca
1368 4850 1402 4891 ς
