3576 5595
608 389 692 452 94
1604 390 1975 454 PRISCIANI
2018 390 2209 453 INST.

713 520 754 559 ρ.
786 507 897 549 1020.
927 507 976 547 27
1005 506 1050 547 P.
2774 518 2815 560 p.
2844 508 2933 549 css.
2962 508 3014 549 ss
3040 506 3093 550 κ.

911 577 1505 655 Alcandrumque
1550 577 1999 656 Haliumque
2042 577 2562 655 Noemonaque
2604 577 3150 658 Prytanimque.

609 681 725 740 ‘ac’
772 698 889 739 non
931 679 1123 740 solum
1167 698 1275 759 pro
1317 670 1446 754 “et’,
1484 679 1589 742 sed
1631 680 1806 741 etiam
1847 699 1955 759 pro
1998 682 2221 757 ‘quam'
2269 678 2584 759 accipitur,
2628 688 2693 740 ut
2729 679 3088 758 Virgilius
3134 681 3197 741 in

609 782 710 844 111
755 781 1164 842 Aeneidos:

909 883 1113 943 Haud
1160 902 1380 944 secus
1424 901 1504 943 ac
1548 883 1736 944 iussi
1786 883 2107 956 faciunt,
2155 890 2551 961 tectosque
2595 902 2725 963 per
2766 883 3085 948 herbam.

604 983 1011 1046 Terentius
1056 985 1116 1045 iu
1154 985 1628 1046 Phormione:
3223 1004 3249 1041 s

1600 1104 1990 1164 numquam
2036 1104 2297 1164 aeque,
2344 1086 2626 1164 inquit,
2674 1106 2754 1147 ac
2796 1088 3004 1149 modo

911 1187 1322 1267 Paupertas
1367 1207 1557 1256 onus
1605 1188 1758 1249 visa
1806 1198 1921 1249 est
1962 1188 2139 1249 mihi
2186 1198 2253 1248 et
2295 1189 2645 1250 miserum
2694 1197 2763 1249 et
2806 1208 3042 1266 grave.

606 1289 1018 1351 Sallustius
1084 1291 1143 1351 in
1208 1290 1683 1368 iugurthino:
1743 1298 2147 1371 praeterea
2211 1290 2716 1351 transversis
2780 1290 3190 1369 itineribus

603 1392 882 1452 cotidie
927 1401 1172 1453 castra
1218 1411 1536 1467 movere,
1577 1393 1779 1454 iuxta
1824 1411 1906 1453 ac
1952 1393 2016 1453 si
2065 1392 2311 1454 hostis
2357 1392 2695 1465 adesset,
2740 1390 2922 1452 vallo
2964 1401 3190 1469 atque

603 1495 808 1556 fossa
865 1493 1171 1555 munire.
1263 1492 1529 1555 similiter
1570 1496 1795 1571 ‘atque'
1841 1494 2245 1555 Terentius
2288 1494 2347 1553 in
2399 1494 2882 1555 Phormione:
3219 1509 3271 1549 ιο

904 1597 1000 1656 Ne
1045 1595 1278 1655 simili
1323 1604 1615 1657 utamur
1656 1598 1957 1657 fortuna
2003 1603 2226 1673 atque
2272 1596 2383 1656 usi
2431 1615 2703 1657 sumuS.
3336 1582 3339 1587 ¹

770 1698 1213 1758 Continuativae
1286 1708 1459 1771 sunt,
1540 1717 1689 1777 quae
1759 1696 2257 1759 continuationem
2324 1706 2382 1757 et
2443 1697 2922 1776 consequentiam
2988 1716 3183 1758 rerum

599 1799 965 1876 significant,
1015 1809 1078 1861 ut
1119 1800 1241 1873 ‘si’,
1271 1805 1415 1861 ‘cum
1459 1799 1513 1858 εἰ
1554 1802 1844 1861 Graecum
1887 1798 2209 1877 signiticat;
2239 1795 2267 1883 Η
2298 1799 2531 1878 quando
2575 1800 2730 1860 enim
2775 1792 2913 1875 ἐάν,
2980 1806 3187 1859 causa-

600 1900 672 1962 lis
719 1909 827 1962 est.
918 1900 1185 1961 similiter
1241 1902 1432 1975 ‘sive,
1492 1903 1616 1976 sin,
1661 1906 1804 1962 seu'
1866 1909 1983 1962 tam
2030 1901 2638 1962 continuativae·sunt
2679 1920 2855 1980 quam
2897 1900 3182 1963 causales,

534 2012 566 2061 3
604 2002 839 2082 proprie
875 2010 1070 2063 autem
1114 2002 1541 2064 continuativae
1582 2011 1752 2077 sunt,
1797 2021 1947 2081 quae
1992 2003 2325 2081 significant
2358 1990 2622 2064 ordinem
2665 2002 3068 2082 praecedentis
3099 2003 3184 2063 rei
3219 2020 3267 2058 ιτ)

600 2104 671 2164 ad
731 2113 1105 2183 sequentem,
1174 2113 1239 2166 ut
1283 2105 1370 2165 ‘si
1419 2106 1642 2178 stertit,
1686 2105 1936 2166 dormit’
1986 2113 2044 2164 et
2088 2105 2174 2166 ‘si
2218 2113 2512 2183 aegrotat,
2553 2104 2764 2185 pallet'
2805 2114 2863 2164 et
2904 2105 2988 2165 ‘si
3036 2105 3183 2165 febri

600 2215 863 2278 vexatur,
906 2206 1056 2267 calet
1072 2209 1120 2267 ’.-
1190 2226 1308 2267 non
1356 2207 1511 2266 enim
1559 2226 1842 2267 converso
1887 2205 2091 2266 ordine
2118 2208 2176 2267 in
2202 2206 2295 2268 his
2330 2207 2811 2285 consequentiam
2857 2208 3182 2268 sententiae

599 2316 791 2368 servat
826 2309 1044 2370 oratio:
1079 2329 1197 2369 non
1229 2308 1385 2369 enim
1414 2308 1513 2386 qui
1539 2309 1753 2369 dormit
1782 2307 2120 2369 omnimodo
2147 2309 2355 2379 stertit,
2380 2309 2677 2387 quomodo
2705 2308 2802 2387 qui
2838 2310 3031 2369 stertit
3057 2327 3183 2368 om-

598 2409 834 2472 nimodo
865 2410 1099 2485 dormit,
1130 2431 1239 2472 nec
1267 2412 1368 2489 qui
1397 2410 1577 2490 pallet
1606 2410 1941 2473 omnimodo
1969 2418 2252 2487 aegrotat,
2296 2411 2590 2489 quomodo
2623 2410 2719 2488 qui
2759 2418 3021 2489 aegrotat
3055 2429 3183 2470 om-

597 2511 834 2572 nimodo
857 2511 1056 2591 pallet,
1088 2531 1196 2573 nec
1229 2512 1329 2590 qui
1358 2511 1509 2572 calet
1544 2511 1880 2573 omnimodo
1918 2519 1975 2571 et
2005 2512 2150 2573 febri
2184 2520 2439 2573 vexatur.
2480 2520 2537 2573 et
2569 2512 2678 2572 hae
2710 2513 2947 2589 quidem
2982 2513 3060 2589 [id
3092 2522 3179 2573 est
3208 2528 3263 2567 zo

597 2614 1059 2690 continuativae]
1101 2612 1289 2691 qualis
1323 2610 1424 2675 ‘est
1464 2614 1752 2675 ordinatio
1796 2622 1854 2674 et
1899 2621 2105 2674 natura
2140 2632 2371 2687 rerum,
2417 2634 2551 2676 cum
2591 2613 2956 2675 dubitatione
2990 2613 3181 2692 aliqua

598 2716 916 2777 essentiam
981 2734 1178 2776 rerum
1232 2714 1599 2793 signiticant3
1667 2715 2211 2777 subcontinuativae
2258 2734 2391 2777 vero
2439 2734 2679 2776 causam
2723 2715 3182 2777 continuationis

596 2818 914 2879 ostendunt
951 2826 1410 2896 consequentem
1454 2837 1588 2879 cum
1635 2818 1891 2879 essentia
1936 2837 2187 2892 rerum,-
2214 2826 2278 2879 ut
2323 2818 2657 2896 ‘quoniam,
2701 2819 2882 2896 quia’,
2921 2826 2983 2878 ut
3011 2820 3183 2896 ‘quo-

597 2921 752 2981 niam
792 2920 1080 2994 ambulat,
1124 2924 1452 2997 movetur';
1504 2921 1662 2999 ‘quia
1709 2919 1798 2981 sol
1849 2939 2029 3000 super
2074 2928 2287 2981 terram
2336 2928 2458 2992 est,
2504 2920 2629 2980 dies
2674 2925 2821 2980 est’:
2869 2929 3181 2998 utrumque

595 3023 749 3083 enim
807 3023 1096 3101 significat
1153 3023 1277 3083 [ieri
1331 3015 1536 3083 ordine
1595 3023 1997 3100 consequenti.
2088 3023 2322 3100 quidam
2362 3017 2372 3105 Ι
2410 3030 2605 3082 tamen
2645 3032 2705 3083 et
2747 3023 2855 3083 has
2899 3030 2955 3082 et
2994 3022 3179 3082 conti·
3207 3037 3259 3076 25

737 3212 757 3260 l
812 3210 1243 3273 alchandrumque
1281 3209 1330 3258 B
1505 3209 1764 3273 aliumque
1815 3209 1934 3259 libri
1980 3209 2145 3258 Prisc.
2199 3207 2507 3274 halyumque
2546 3208 2689 3259 Med.
2864 3224 3177 3272 noemnaque

595 3279 749 3331 GLK
793 3295 1144 3343 noemunaque
1182 3281 1301 3330 Pal.
1469 3281 1810 3344 pritanimque
1850 3278 1956 3328 LK
1989 3279 2268 3343 pritanuq.
2304 3279 2346 3327 G
2383 3281 2739 3345 pritanquue
2768 3295 2803 3344 9
2841 3281 3177 3345 prytaninque

595 3349 708 3399 Pal.
887 3352 920 3400 2
961 3351 1121 3415 Very.
1161 3349 1294 3402 Aen.
1338 3349 1404 3398 111
1440 3349 1543 3399 236
1716 3352 1748 3399 4
1794 3348 1916 3397 haut
1956 3347 2109 3397 GLK
2146 3347 2287 3401 Med.
2328 3357 2376 3398 ee
2412 3352 2462 3398 in
2502 3349 2638 3400 haud
2672 3364 2813 3402 corr.
2852 3349 2902 3398 B
2945 3351 3016 3413 cs.
3051 3367 3098 3401 v.
3137 3351 3171 3399 1.

2138 3445 2160 3472 c
2905 3458 2914 3469 .

589 3487 673 3536 lib.
714 3486 856 3537 xvu
890 3490 922 3551 S
963 3488 1021 3537 11
1177 3503 1237 3538 ac
1276 3507 1360 3539 *n
1383 3485 1534 3552 (quii)
1574 3487 1619 3536 R
1771 3487 1872 3536 iusi
1902 3488 1948 3536 L
2089 3494 2334 3551 tes.tosq.
2373 3488 2516 3539 Med.
2674 3488 2707 3539 5
2751 3489 2873 3541 Ter.
2913 3488 3114 3539 Pluma.
3154 3489 3171 3537 1

591 3558 642 3616 2,
680 3558 748 3608 43
784 3574 861 3622 sq.
1007 3559 1056 3606 in
1094 3556 1398 3607 Phormione
1434 3573 1525 3610 om.
1566 3558 1610 3607 G
1649 3560 1700 3607 in
1736 3556 2037 3621 phormione
2075 3557 2125 3605 in
2161 3556 2290 3606 libro
2322 3559 2409 3611 ΙΙΙ.
2451 3559 2503 3608 Β
2653 3558 2687 3607 6
2720 3573 2913 3622 aequae
2940 3559 2988 3608 D
3142 3558 3174 3607 7

591 3618 736 3676 ”uisa
772 3636 849 3677 est
883 3618 1080 3676 ”honus
1117 3627 1174 3676 K
1207 3627 1335 3677 mihi
1373 3643 1501 3678 onus
1537 3629 1753 3677 uisumst
1790 3626 1981 3691 (uisum
2020 3637 2098 3675 est
2134 3626 2265 3676 Bas.
2306 3628 2421 3678 uisa
2456 3636 2532 3677 est
2565 3628 2679 3679 cod.
2706 3629 2762 3682 C.
2786 3629 2843 3681 G.
2868 3642 2953 3691 ap.
2979 3630 3173 3690 Bentl.)

591 3696 762 3746 Bemb.
798 3696 928 3750 Bas.
1073 3697 1106 3747 8
1141 3696 1270 3748 Sall.
1295 3696 1524 3762 Iuyurtle.
1554 3700 1640 3755 45,
1673 3699 1706 3747 2
1853 3697 1903 3745 in
1930 3697 2226 3762 iugurthino
2257 3711 2349 3746 om.
2375 3699 2419 3749 G
2552 3698 2809 3764 iugurtino
2830 3699 2875 3748 R
3017 3699 3173 3748 itene-

592 3767 734 3816 ribus
772 3766 867 3816 GL
900 3767 950 3832 jn
985 3767 1262 3815 iteneribus
1300 3766 1353 3815 K
1501 3767 1535 3816 9
1573 3767 1742 3816 cotitie
1779 3766 1830 3818 B
1865 3767 2088 3828 quotidie
2126 3768 2220 3818 GL
2258 3768 2462 3817 cottidie
2498 3769 2561 3818 II
2642 3789 2647 3792 Δ
2718 3769 2761 3817 si
2799 3784 2889 3820 om.
2925 3767 3024 3817 GK
3049 3768 3172 3818 add.

585 3852 621 3900 9
759 3836 933 3886 hostes
968 3837 1206 3887 adessent
1243 3836 1363 3886 libri
1393 3837 1520 3889 San.
1670 3835 1732 3885 10
1771 3834 1944 3900 fossa]
1976 3851 2012 3900 9
2049 3836 2160 3886 sosa
2194 3836 2341 3887 GLK
2501 3837 2617 3887 Ter.
2643 3838 2841 3887 Phor-m.
2862 3841 3002 3900 prol.
3033 3854 3078 3890 v.
3105 3836 3168 3887 31

583 3944 590 3947 .
688 3912 702 3926 ·
730 3905 976 3956 i'ormione
1014 3906 1057 3955 G
1201 3905 1259 3955 ll
1299 3905 1372 3955 Ne
1404 3924 1466 3957 m.
1504 3921 1608 3956 rec.
1652 3922 1723 3956 ea:
1759 3905 1829 3956 N*
1863 3920 2000 3955 corr.
2042 3910 2091 3957 in
2127 3905 2301 3958 Bemb.
2445 3903 2667 3971 fortuna]
2708 3908 2739 3955 Ιι
2778 3907 2982 3957 furtuna
3005 3908 3063 3956 H

594 3973 657 4024 13
692 3975 737 4023 ei
776 3976 985 4026 RBDH
1003 3979 1006 3986 ⁴
1129 3991 1370 4039 graecum
1404 3976 1692 4040 significant
1732 3976 1783 4025 B
1935 3966 2054 4040 ἐάν]
2091 3978 2141 4025 in
2175 3991 2268 4041 my.
2302 3976 2424 4026 add.
2471 3978 2529 4027 Κ
2561 3992 2652 4026 ean
2691 3978 2846 4026 RDH
2993 3990 3173 4027 casua-

589 4045 652 4093 lis
688 4046 732 4095 G
878 4046 938 4097 15
971 4046 1206 4110 propriae
1241 4046 1304 4098 H
1336 4047 1533 4112 pripriq
1567 4046 1618 4095 B
1757 4044 2165 4111 continuativae]
2198 4062 2260 4109 ry
2296 4046 2620 4096 coniunctiue
2651 4048 2697 4097 It
2734 4047 3089 4098 coniunctiuae
3122 4047 3175 4094 ni

582 4115 629 4177 f.
669 4116 720 4164 in
753 4117 909 4166 litura
948 4117 991 4165 G
1130 4125 1248 4165 sunt
1283 4117 1404 4165 add.
1445 4116 1479 4164 k
1651 4117 1963 4180 precidentis
1996 4115 2049 4164 Κ
2227 4116 2289 4166 18
2325 4116 2511 4183 stertit]
2551 4133 2581 4165 r
2616 4118 2796 4166 sternit
2827 4117 2872 4166 R
3044 4127 3171 4166 ster-

586 4183 662 4247 tit]
695 4201 726 4233 r
761 4186 939 4235 sternit
969 4185 1015 4235 R
1158 4188 1382 4236 omnimo
1419 4186 1603 4236 dormit
1641 4188 1690 4236 L
1834 4187 1898 4236 19
1931 4202 2093 4248 neque
2129 4186 2227 4235 ΒΕ
2369 4202 2533 4250 neque
2571 4188 2704 4237 enim
2742 4187 2828 4250 qui
2864 4185 2921 4234 K
3065 4202 3170 4236 om-

590 4255 709 4303 nino
732 4255 785 4304 H
933 4266 982 4305 et
1003 4264 1231 4321 aegrotat
1253 4255 1362 4305 LK
1498 4256 1839 4318 quomodo—
1849 4256 2006 4320 pallet
2021 4270 2112 4304 om.
2136 4254 2289 4304 ΕΛΚ
2425 4259 2494 4308 20
2512 4257 2671 4323 pallet
2689 4277 2914 4308 *etun*
2930 4255 3007 4321 (ἂι
3027 4270 3173 4322 egro·

588 4322 688 4386 tat)
727 4324 776 4373 B
943 4341 1107 4389 neque
1144 4326 1294 4377 ΕΛΚ
1485 4334 1700 4376 uexatur
1743 4326 2000 4388 quomodo
2048 4326 2131 4388 qui
2182 4324 2314 4373 febri
2351 4337 2567 4378 uexatur
2602 4329 2894 4377 omnimodo
2934 4323 3079 4376 calet.
3120 4335 3169 4375 et

588 4393 685 4442 hae
719 4410 749 4441 r
904 4395 1000 4446 hae
1033 4397 1236 4460 quidem
1273 4412 1344 4448 ea:
1373 4396 1610 4459 equidem
1646 4410 1780 4446 corr.
1823 4395 1886 4444 II
2045 4394 2095 4444 id
2134 4391 2240 4459 est]
2281 4410 2311 4443 r
2340 4396 2473 4445 idem
2505 4398 2551 4447 R
2707 4399 2772 4448 21
2813 4412 2930 4447 cum
2970 4395 3171 4446 dubita-

587 4460 758 4527 tione]
793 4465 833 4514 d
862 4467 1276 4516 condubitatione
1306 4466 1352 4514 D
1504 4465 1672 4528 aliqua
1712 4460 1965 4528 essentia]
2006 4462 2039 4512 Ιι
2087 4464 2207 4525 aliq;
2242 4468 2459 4516 essentie
2493 4467 2543 4516 D
2590 4466 2762 4530 aliqua
2795 4467 3048 4517 essentiae
3082 4465 3175 4514 Ka

587 4533 758 4595 alique
794 4537 1049 4587 essentiae
1084 4536 1135 4585 B
1168 4535 1370 4599 aliquae
1406 4536 1624 4586 essenti*
1657 4537 1721 4586 II
1749 4535 1953 4597 aliquae
1990 4534 2242 4584 essentiae
2279 4534 2374 4584 GL
2525 4539 2592 4587 22
2630 4534 2926 4602 essentiam]
2972 4544 3169 4586 senten-

587 4655 686 4702 tiae
723 4655 768 4704 R
805 4629 1133 4705 ⁰⁸seutentiae
1178 4672 1210 4704 r
1246 4631 1597 4706 θἐειιῑεειιιίειιιι
1627 4672 1689 4705 m.
1726 4657 1882 4705 certia
2019 4668 2186 4702 rerum
2220 4668 2314 4705 om.
2355 4653 2452 4703 ΕΛ
2480 4654 2604 4704 add.
2636 4671 2673 4718 9
2813 4657 2880 4705 24
2922 4657 3031 4704 dies
3068 4653 3166 4719 est]

586 4742 718 4792 diest
752 4742 803 4791 B
956 4742 1023 4790 25
1060 4741 1316 4807 significat
1351 4744 1487 4792 enim
1517 4743 1576 4793 K
1736 4739 2029 4807 significant
2063 4740 2102 4788 d
2261 4739 2356 4789 has
2389 4741 2511 4793 add.
2541 4756 2576 4805 9
2715 4750 2762 4790 et
2801 4742 3170 4791 continuativas

1841 4820 2245 4864 subcontinuatiuas

584 4878 691 4932 RH
722 4877 1096 4928 continuatiuss
1129 4877 1330 4928 BGLK
1364 4879 1734 4928 continuatiuas
1764 4884 1816 4927 et
1849 4876 2208 4928 subiunctiuas
2242 4879 2331 4927 Dd
