3576 5595
611 450 735 510 402
1018 475 1029 494 ·
1703 447 1795 510 PR
1807 450 1844 507 A
1856 447 2124 508 {imno

613 632 872 696 saeculo
930 630 1098 694 liber
1141 630 1382 694 Donati
1444 630 1523 694 de
1580 630 1988 695 barbarismo
2047 639 2111 693 ct
2166 630 2271 693 hie
2330 630 2410 693 de
2455 630 2836 693 accentibus
2883 629 3050 692 liber
3094 631 3211 709 ita,

611 738 836 796 Liltera
876 744 964 796 est
1003 771 1069 779 —
1106 754 1270 796 euax
1311 740 1558 812 firmici!
1603 745 1656 806 p*
1698 738 1772 795 de
1833 737 2188 800 accentibus.
2277 731 2392 795 sed
2438 732 2555 795 hos
2600 730 2803 794 libros
2849 752 3072 794 omnes
3118 731 3213 792 ita

613 835 784 897 inter
839 856 908 896 sc
963 834 1367 921 discrepant,
1430 843 1502 897 ut
1556 857 1686 897 non
1742 833 2083 896 librarium
2140 831 2512 918 exemplum
2577 831 2749 918 quod
2817 830 3214 917 sequebatur

610 945 1005 1020 repetentem
1049 957 1399 1020 agnoscaS,
1444 935 1556 998 scd
1605 945 1676 997 ut
1720 934 1923 997 multa
1965 956 2006 996 a
2047 936 2472 1017 grammatico
2507 943 2750 997 temere
2788 941 3036 996 mutata
3065 953 3211 995 esse

611 1036 944 1121 adpareat.
1036 1037 1262 1100 eadem
1322 1035 1623 1099 libertate
1684 1058 1840 1098 usus
1901 1046 1999 1098 est
2052 1037 2137 1109 is,
2193 1035 2303 1121 qui
2348 1035 2697 1100 editionem
2743 1035 3103 1121 principem
3149 1053 3209 1094 a.

621 1142 777 1200 1470
829 1138 1067 1200 factam
1113 1137 1393 1212 curavit,
1440 1138 1545 1201 vel
1593 1139 1810 1223 potius
1859 1137 1995 1213 ille,
2038 1137 2148 1222 qui
2196 1135 2485 1199 codicem
2529 1158 2726 1200 manu
2770 1137 3111 1221 scriptum,
3175 1120 3217 1196 6

612 1260 740 1323 quo
790 1238 902 1302 illa
953 1259 1266 1324 expressa
1313 1249 1443 1317 est,
1501 1239 1822 1301 exaravit.
1913 1238 2269 1323 principem
2316 1248 2533 1301 autem
2574 1238 2925 1300 editionem
2976 1237 3210 1321 reliqui

612 1339 892 1402 editores
929 1350 1079 1402 ante
1112 1339 1630 1403 Lindemannum
1675 1340 1765 1402 ita
1808 1339 2010 1401 secuti
2063 1347 2247 1421 sunt,
2296 1348 2369 1402 ut
2403 1341 2468 1401 in
2505 1340 2732 1425 paucis
2768 1339 2975 1423 iisque
3007 1336 3210 1400 levio-

609 1439 791 1528 ribus
839 1440 976 1503 fere
1023 1441 1215 1503 rebus
1261 1442 1401 1503 eius
1437 1440 1629 1504 fidem
1662 1439 2126 1526 relinquerent.
2201 1438 2390 1527 plura
2428 1442 2672 1526 primus
2713 1441 2989 1503 mutavit
3019 1439 3208 1501 Lin-

611 1542 1092 1622 demannus,
1145 1543 1255 1628 qui
1293 1543 1583 1605 codicem
1614 1541 2134 1624 Perizonianum,
2181 1542 2261 1605 de
2298 1563 2424 1628 quo
2463 1562 2662 1627 supra
2694 1542 2855 1622 dixi,
2889 1550 2951 1602 ct
2988 1540 3210 1603 varias

606 1640 917 1705 lectiones
951 1665 1035 1705 ex
1070 1642 1322 1707 duobus
1359 1642 1713 1725 codicibus,
1754 1633 1957 1707 altero
1983 1644 2430 1727 Groningano,
2470 1643 2675 1707 altero
2701 1643 3209 1721 BurmannianO,

608 1765 649 1804 a
691 1742 1027 1807 Bondamo
1072 1755 1448 1831 excerptas,
1517 1744 1599 1807 de
1657 1744 1896 1829 quibus
1942 1744 2125 1808 libris
2170 1745 2279 1807 illc
2331 1744 2502 1808 dixit
2552 1743 2760 1830 praef.
2807 1766 2868 1830 p.
2913 1743 3208 1820 XXVII,

516 1901 523 1908 .
607 1843 691 1907 ad
732 1847 1179 1910 recensionem
1226 1846 1417 1910 huius
1464 1845 1617 1910 libri
1654 1845 1972 1909 adhibuit.
2063 1856 2211 1932 post
2252 1844 2772 1910 Lindemannum
2813 1842 3209 1907 Krehlius

609 1946 929 2031 quaedam
974 1949 1252 2012 mutavit
1296 1947 1588 2010 adhibito
1620 1947 1843 2011 codiee
1874 1947 2129 2032 aliquo,
2177 1971 2368 2033 quem
2401 1957 2629 2033 quarto
2663 1946 2913 2009 decimo
2947 1944 3208 2008 saeculo

609 2049 918 2133 scriptum
951 2049 1208 2134 sibique
1243 2071 1283 2110 a
1316 2049 1389 2112 C.
1429 2048 1504 2110 F.
1537 2049 1895 2112 Matthiae«)
1937 2048 2159 2111 datum
2206 2070 2347 2111 esse
2387 2049 2617 2112 scribit
2654 2048 2860 2133 praef.
2902 2047 3106 2110 Prisc.
3137 2046 3208 2109 II

606 2172 670 2234 p.
703 2150 783 2212 V.
856 2149 958 2218 his
1004 2151 1205 2234 igitur
1250 2151 1455 2234 copiis
1495 2151 1765 2236 paratiS,
1807 2172 1951 2213 cum
1997 2150 2336 2214 molestum
2385 2159 2557 2213 esset
2599 2158 2663 2213 et
2705 2149 2935 2213 inutile
2976 2150 3041 2212 in
3085 2148 3205 2211 tali

607 2250 870 2337 quidem
918 2249 1086 2314 libro
1133 2273 1387 2313 omnem
1433 2252 1729 2315 codicum
1778 2251 2280 2336 discrepantiam
2340 2274 2734 2337 proponere,
2800 2251 3004 2314 satius
3062 2271 3205 2313 esse

607 2352 798 2432 duxi,
854 2352 1372 2436 antiquissimam
1429 2353 1730 2428 formam,
1790 2374 1982 2438 quam
2031 2351 2589 2438 Guelferbytanus
2639 2355 2782 2436 (11)
2843 2359 2908 2414 ct
2947 2352 3207 2415 Perizo-

606 2454 842 2515 nianus
902 2453 1046 2536 (G)
1100 2453 1446 2536 praebent,
1513 2455 1719 2538 sequi.
1810 2475 1959 2515 nam
2022 2453 2068 2515 ii
2127 2455 2335 2536 magis
2394 2475 2589 2539 quam
2635 2453 2869 2538 reliqui
2919 2454 3088 2517 inter
3131 2475 3203 2515 se

606 2553 934 2616 coniuncti
980 2564 1162 2636 sunt,
1208 2553 1335 2616 nisi
1384 2553 1555 2640 quod
1602 2558 1668 2617 in
1711 2555 1773 2618 G
1819 2555 2104 2616 maxime
2151 2555 2471 2639 quaedam
2504 2556 2729 2631 etiam,
2776 2577 2943 2640 quae
2976 2563 3205 2641 postea

605 2653 939 2740 adscripta
969 2677 1113 2718 6886
1144 2655 1471 2738 videntur,
1513 2667 1774 2743 recepta
1808 2664 1977 2718 sunt.
2045 2658 2265 2742 itaque
2301 2677 2522 2718 corum
2555 2654 3057 2740 discrepantiam
3094 2676 3205 2718 ex·

601 2752 807 2817 hibui.
883 2766 1220 2842 praeterea
1256 2779 1467 2844 pauca
1508 2780 1592 2822 ex
1634 2758 1928 2843 principe
1965 2757 2250 2822 editione
2282 2767 2344 2820 et
2382 2779 2464 2819 ex
2493 2756 2930 2821 Lindemanni
2966 2758 3205 2823 codici-

607 2855 732 2919 bus
766 2857 1001 2923 adieci.
1070 2869 1354 2922 ceterum
1393 2858 1979 2946 Guelferbytanum
2016 2859 2304 2924 codicem
2345 2861 2482 2944 ipse
2512 2860 2806 2941 excussi,
2856 2860 3204 2925 Leidensis

607 2959 1055 3045 apographum
1092 2960 1527 3024 Lindemanni
1558 2983 1755 3023 manu
1793 2961 2038 3023 factum
2079 2961 2145 3023 in
2182 2961 2320 3023 cius
2356 2960 2611 3024 schedis
2645 2959 2864 3024 habui.

775 3060 1052 3125 Duobus
1097 3061 1496 3125 carminibus
1532 3062 1883 3143 Prisciani,
1930 3063 2250 3148 periegesi
2296 3085 2380 3125 ex
2422 3063 2679 3125 siraeco
2711 3063 3021 3149 Dionysii
3062 3086 3200 3128 car·

603 3163 777 3226 mine
811 3162 1168 3227 translatae
1205 3172 1268 3226 et
1300 3161 1487 3226 alteri
1521 3163 1601 3225 de
1632 3162 1828 3225 laude
1861 3164 2233 3245 Anastasii,
2272 3163 2441 3249 quod
2482 3186 2540 3226 a.
2573 3168 2732 3227 1828
2769 3163 3201 3230 Endlicherus

604 3263 839 3344 edidit,
886 3264 1054 3328 inter
1097 3265 1557 3349 grammaticos
1604 3262 1807 3329 libros
1855 3264 2064 3328 locum
2118 3286 2243 3328 non
2292 3265 2578 3330 dandum
2616 3289 2762 3329 esse
2803 3268 3198 3331 existimavi.

601 3366 863 3429 tertium
897 3388 1052 3429 vero
1090 3365 1170 3429 de
1200 3364 1597 3452 ponderibus
1631 3375 1695 3427 et
1729 3367 2051 3429 mensuris
2064 3415 2082 3447 ,
2119 3365 2295 3451 quod
2331 3366 2431 3429 his
2465 3367 2615 3431 addi
2657 3368 2849 3451 solet,
2881 3378 2953 3433 ut
2990 3370 3200 3454 ipsum

603 3488 858 3552 quoque
892 3488 1024 3528 non
1055 3469 1271 3531 minus
1301 3490 1340 3530 a
1372 3468 1799 3561 gragumatieo
1831 3490 2070 3551 genere
2104 3468 2386 3532 alienum
2423 3478 2544 3552 est,
2573 3472 2661 3533 ita
2691 3493 2819 3534 non
2850 3471 3042 3535 video
3065 3495 3198 3534 cer-

602 3568 686 3631 tis
723 3568 1085 3631 rationibus
1128 3569 1210 3631 ad
1246 3568 1653 3631 Priscianum
1687 3577 2013 3633 auctorem
2053 3570 2304 3633 referri.
2366 3592 2514 3633 nam
2546 3594 2667 3635 nec
2701 3595 2895 3635 manu
2931 3574 3196 3659 scripto·

600 3691 741 3733 rum
772 3668 1084 3734 librorum
1112 3670 1496 3734 auctoritate
1515 3672 1672 3734 satis
1701 3671 2080 3734 defenditur
2099 3693 2333 3735 nomen
2366 3675 2778 3755 grammatici
2809 3696 2931 3739 nee
2964 3697 3196 3756 rerum,

601 3770 683 3833 de
713 3771 950 3857 quibus
980 3773 1215 3856 agitur,
1250 3780 1651 3855 argumento.
1703 3773 1897 3859 primi
1930 3774 2103 3836 enim
2137 3794 2366 3836 versus
2394 3775 2867 3860 quinquaginta
2891 3778 3195 3863 quinque,

601 3873 713 3957 qui
747 3872 865 3935 soli
894 3873 962 3935 in
999 3873 1223 3936 eodem
1256 3881 1670 3956 argumento,
1714 3873 1887 3959 quod
1922 3874 2299 3938 Priscianus
2332 3879 2666 3958 tractavit,
2706 3886 3054 3940 versantur
3066 3927 3082 3958 ,
3129 3880 3193 3940 in

600 3973 992 4059 quibusdam
1025 3973 1184 4037 locis
1220 3996 1377 4037 sanc
1409 3996 1555 4037 eum
1596 3974 1769 4039 illius
1804 3976 2166 4060 praeceptis
2204 3978 2638 4059 consentiunt,
2675 3977 2790 4041 sed
2821 3977 2951 4041 alia
2989 4001 3196 4064 eaque

600 4074 885 4137 maxime
922 4076 1243 4138 Prisciani
1278 4076 1540 4160 propria
1575 4076 1640 4138 in
1682 4076 1814 4138 illis
1852 4077 2092 4140 omissa
2122 4086 2295 4141 sunt.
2343 4100 2471 4162 qua
2501 4100 2571 4141 re
2604 4101 2834 4143 nomen
2874 4080 3195 4143 Prisciani

600 4180 737 4245 tum
767 4176 1025 4239 demum
1061 4177 1213 4241 huie
1243 4178 1515 4240 carmini
1552 4178 1941 4262 inscriptum
1981 4201 2125 4242 esse
2159 4188 2345 4265 puto,
2377 4187 2717 4265 postquam
2761 4182 2828 4245 in
2859 4182 3193 4247 codicibus

599 4299 730 4339 una
759 4300 905 4341 cnm
938 4278 1075 4341 eius
1106 4278 1290 4341 libris
1328 4277 1528 4341 scribi
1558 4288 1858 4365 coeptum
1892 4289 2008 4343 est.

769 4380 1013 4465 Scripsi
1047 4378 1336 4443 Berolini
1368 4402 1590 4443 mense
1619 4380 1797 4443 Maio
1831 4402 1890 4442 a.
1930 4381 2531 4446 MDCCCLVHH.
