3576 5595
578 371 702 433 512
1690 371 2060 433 PRlSClANl

682 487 862 540 μηεο.
895 486 1010 526 snt».
2750 498 2790 536 ρ.
2813 485 2993 527 aaa-ea
3015 484 3068 526 κ.

884 558 1204 634 degener
1246 577 1280 617 o
1323 557 1680 636 populuS,
1724 558 1835 617 vix
1879 556 2181 617 saecula
2227 556 2444 634 longa
2492 556 2864 617 decorum.

581 677 758 720 unum
807 667 1000 718 autem
1042 657 1335 718 invenitur
1372 658 1779 738 appellativum
1834 658 2054 732 solum,
2103 659 2258 737 quod
2307 666 2364 718 et
2409 659 2466 718 in
2513 658 2528 718 i
2571 668 2627 717 et
2672 657 2730 717 in
2779 676 2810 716 e
2848 656 3172 717 vocativum

578 761 828 839 profert,
879 767 940 819 ut
987 759 1139 820 filius
1178 780 1212 820 o
1260 759 1337 819 fili
1381 768 1436 819 et
1482 781 1517 819 o
1563 760 1695 820 lilie.
3164 765 3167 770 “

443 879 545 930 213
748 861 828 921 vt
872 879 1021 939 quae
1068 880 1202 939 pars
1249 861 1528 922 orationis
1577 859 1708 921 est?
1780 860 2147 922 Adverbium.
2242 861 2393 930 Quid
2443 868 2533 921 est
2578 858 2956 920 adverbium?
3028 860 3169 920 Pars

579 961 859 1024 orationis
932 981 1083 1040 quae
1146 962 1368 1023 adiecta
1430 962 1603 1021 verbo
1665 961 2149 1040 significationem
2214 963 2339 1022 eius
2391 961 2660 1041 explanat
2716 969 2891 1041 atque
2943 961 3215 1040 impleus

576 1065 861 1125 Adverbio
907 1071 1049 1141 quot
1084 1062 1396 1124 accidunt?
1446 1064 1612 1138 Tria,
1653 1061 1663 1146 Ι
1704 1063 1935 1142 species
1979 1063 2326 1141 significatio
2368 1065 2567 1141 ligura.
2650 1064 2831 1124 Cuius
2869 1070 2958 1124 est
2990 1064 3171 1141 signi-

578 1166 867 1227 licationis
915 1163 1017 1225 ut?
1085 1165 1193 1225 Hic
1239 1161 1645 1246 tempollralis:
1693 1165 1978 1243 accipitur
2024 1165 2176 1224 enim
2217 1185 2323 1245 pro
2364 1173 2694 1245 postquam.
2786 1165 3021 1242 quando
3066 1185 3170 1224 au·

579 1278 696 1328 tem
741 1267 1029 1345 significat
1064 1264 1163 1323 ἴνα
1206 1266 1483 1327 Graecam
1523 1267 2025 1339 coniunctionem,
2069 1266 2197 1325 loco
2237 1265 2665 1327 coniunctionis
2705 1266 2989 1346 accipitur
3031 1286 3170 1326 cau-

578 1368 733 1430 salis.
811 1376 900 1428 est
946 1377 1137 1428 tamen
1183 1368 1355 1428 etiam
1404 1367 1798 1428 similitudinis
1846 1367 2200 1428 adverbium.
2278 1367 2425 1428 solet
2458 1375 2649 1427 autem
2697 1368 2747 1428 ei
2796 1368 2943 1429 adici
2993 1368 3167 1428 etiam

578 1473 593 1531 i
641 1479 757 1532 tam
815 1469 1285 1530 coniunctionem
1345 1469 1693 1546 significanti
1752 1487 1924 1546 quam
1981 1468 2335 1529 adverbium.
2425 1469 2676 1529 adicitur
2717 1467 2768 1529 ei
2814 1468 2985 1530 etiam
3027 1488 3161 1528 nam
3189 1486 3238 1525 ιο

441 1587 544 1636 21⁴1
581 1581 636 1633 et
684 1572 973 1633 invenitur
1029 1571 1266 1649 optandi
1323 1571 1690 1645 adverbium,
1746 1571 1987 1631 utinam.
2076 1570 2251 1648 igitur
2294 1580 2355 1631 ut
2395 1580 2452 1630 et
2497 1572 2576 1631 uti
2631 1569 2915 1649 significat
2964 1571 3170 1630 adver·

576 1675 738 1735 bium
792 1673 1055 1752 quidem,
1115 1674 1348 1749 quando
1400 1682 1633 1754 tempus
1679 1673 1763 1732 vel
1822 1672 2261 1734 similitudinem
2303 1672 2389 1732 vel
2439 1673 2773 1750 qualitatem
2820 1672 2939 1732 sive
2988 1672 3170 1732 inter-

578 1777 971 1855 rogationem,
1039 1775 1095 1834 id
1153 1785 1243 1835 est
1300 1775 1532 1853 quando
1591 1775 1887 1852 quomodo
1944 1773 2263 1852 significan
2324 1775 2556 1852 quando
2613 1793 2748 1835 vero
2796 1773 2897 1833 ἴνα
2943 1773 3028 1833 vel
3075 1765 3167 1832 ὅτι

578 1879 857 1938 Graecam
913 1875 1384 1937 coniunctionem
1441 1875 1756 1955 significat,
1818 1876 2249 1937 coniunctionis
2305 1876 2432 1936 loco
2478 1875 2780 1954 accipitur.
2873 1876 3168 1954 composi·

575 1988 698 2040 tum
754 1987 948 2040 autem
997 1978 1069 2038 ab
1127 1978 1205 2038 uti
1257 1979 1476 2039 utinam
1524 1978 1860 2038 adverbium
1918 1987 2009 2038 est
2054 1977 2324 2057 optandi,
2385 1986 2447 2037 ut
2511 1977 2779 2038 diximus.
2863 1984 3238 2056 praeteream

440 2091 542 2142 215
575 2082 774 2159 utique
817 2100 926 2160 pro
975 2080 1238 2140 videlicet
1284 2080 1609 2140 affirmandi
1652 2088 1740 2141 est
1786 2080 2141 2140 adverbium.
2235 2079 2421 2149 Quem
2468 2079 2645 2139 habet
2692 2076 3043 2139 accentum?
3097 2078 3164 2138 Vt

575 2191 633 2243 et
689 2184 771 2243 uti
828 2191 885 2242 et
944 2182 1163 2265 utinam
1217 2181 1606 2261 praepositiva
1662 2190 1978 2259 gravantur
2029 2201 2136 2261 per
2195 2201 2398 2242 omncs
2456 2181 2740 2260 syllabas,
2800 2179 3163 2242 subiunctiva

574 2294 767 2346 autem
812 2284 1142 2362 generalem
1189 2291 1495 2343 accentum
1534 2291 1787 2344 servant.
1881 2283 2184 2344 sciendum
2223 2291 2447 2356 tamen,
2492 2283 2646 2360 quod
2696 2290 2757 2342 ut
2799 2300 3034 2360 quoque
3075 2282 3165 2342 in-

575 2386 804 2446 venitur
844 2385 1018 2446 etiam
1062 2404 1168 2465 pro
1213 2384 1452 2463 optandi
1495 2384 1800 2458 adverbiO,
1846 2393 1908 2444 ut
1945 2385 2355 2445 Terentius
2394 2383 2451 2442 in
2499 2383 2941 2444 Phormione
2985 2399 3035 2450 εκε

881 2495 954 2545 ut
998 2486 1206 2546 illum
1255 2485 1322 2545 di
1367 2486 1697 2561 deaeque
1742 2504 1997 2546 omnes
2041 2485 2373 2565 perdant.
3183 2504 3237 2542 20

579 2606 711 2648 cum
764 2586 850 2646 vel
899 2605 1130 2665 quoque
1176 2587 1566 2667 compositum
1608 2596 1727 2646 tam
1785 2595 1846 2647 ut
1891 2605 2063 2664 quam
2115 2587 2197 2646 uti
2255 2586 2652 2647 similitudinis
2697 2587 3032 2648 adverbium
3080 2587 3165 2646 l'a-

578 2690 768 2762 ciunt‚
819 2689 972 2750 velut
1017 2696 1074 2748 et
1120 2687 1324 2762 veluti,
1374 2696 1431 2748 ut
1472 2687 1838 2766 Virgilius
1884 2688 1942 2748 iu
1984 2688 2175 2769 primo
2209 2677 2588 2748 'Aeneidos

881 2811 960 2851 ac
991 2789 1220 2851 veluti
1257 2789 1615 2869 magnoin
1652 2790 1936 2871 populo
1975 2811 2130 2852 cum
2164 2811 2388 2871 saepe
2420 2800 2677 2852 coorta
2719 2801 2832 2852 est

881 2892 1179 2953 seditio.

436 3005 539 3059 216
748 2996 1125 3056 Infractos
1185 3011 1334 3071 quae
1379 3014 1516 3073 pars
1572 2993 1853 3055 orationis
1906 2993 2036 3055 est?
2111 2994 2501 3073 Participium.
2591 2994 2744 3077 Quid
2792 3002 2883 3055 est
2924 2994 3161 3075 partici-
3180 3011 3232 3051 25

574 3097 778 3179 pium?
845 3097 985 3157 Pars
1025 3094 1306 3156 orationis
1352 3103 1576 3174 partem
1612 3096 1851 3175 capiens
1897 3097 2152 3157 nominis
2198 3104 2540 3175 partemque
2582 3095 2755 3157 verbi.
2849 3097 3029 3159 Cuius
3072 3105 3163 3157 est

572 3197 848 3279 generis?
919 3196 1254 3267 Masculini,
1330 3216 1501 3258 casus
1562 3198 1908 3272 accusativi,
1976 3197 2258 3277 temporis
2322 3198 2649 3278 praeteriti,
2719 3198 3161 3277 significationis

573 3302 859 3381 passivae.
953 3299 1134 3361 Cuius
1180 3306 1269 3359 est
1310 3297 1570 3359 formae?
1640 3299 1972 3372 l’erl'ectae,
2016 3300 2241 3359 numeri
2297 3299 2568 3379 pluralis,
2612 3303 2831 3378 ligurae
2870 3300 3162 3380 composi·
3243 3364 3247 3368 ,

572 3412 661 3463 tae
717 3421 785 3463 ex
841 3401 1071 3463 duobus
1131 3399 1392 3478 integris.
1477 3408 1534 3460 et
1594 3409 1760 3474 nota,
1820 3400 1973 3478 quod
2046 3400 2418 3461 inveniuntur
2476 3421 2651 3481 saepe
2721 3402 3025 3483 participia
3092 3421 3161 3461 ex

571 3504 791 3579 verbiS,
839 3522 987 3581 quae
1027 3521 1144 3562 non
1184 3520 1253 3561 ex
1295 3502 1524 3562 duobus
1570 3502 1813 3580 integris
1846 3502 2314 3581 componuntur,
2362 3502 2583 3581 integra
2618 3504 2674 3563 in
2711 3513 2955 3581 utraque
2994 3513 3232 3582 parteao

419 3680 422 3685 Ι
568 3605 833 3681 inventa;
880 3612 944 3666 ut
996 3603 1281 3681 infringor
1334 3622 1404 3663 ex
1446 3604 1672 3680 integro
1720 3612 1809 3663 est
1853 3611 1910 3664 et
1954 3612 2264 3682 corrupto,
2325 3612 2519 3663 tamen
2576 3604 2858 3664 infractus
2905 3623 2974 3663 ex
3017 3603 3161 3663 duo-

432 3722 533 3773 217
570 3706 683 3768 bus
741 3706 984 3785 integris
1046 3706 1164 3765 tn.-
1217 3702 1464 3782 ideoque
1520 3724 1840 3784 possumus
1898 3724 2015 3765 non
2071 3724 2101 3764 a
2161 3704 2351 3765 verbis
2410 3726 2475 3766 ea
2534 3706 2819 3767 declinata
2873 3705 3158 3784 accipere,

567 3808 672 3870 sed
729 3808 915 3887 magis
969 3826 1000 3867 a
1058 3824 1191 3867 sese
1239 3806 1582 3884 composita.
1676 3805 1943 3867 similiter
1987 3807 2248 3887 impingo
2306 3806 2632 3887 impactus,
2688 3807 2964 3885 contingo
3020 3826 3160 3867 con·

565 3919 776 3972 tactus.
869 3908 1135 3970 similiter
1199 3906 1436 3988 perficio
1503 3908 1751 3986 perfeci,
1825 3909 2032 3968 deficio
2105 3908 2320 3980 defeci,
2396 3907 2642 3969 conficio
2713 3908 2958 3969 confeci.
3051 3926 3159 3967 nec

564 4013 777 4073 mirum
821 4011 879 4071 in
911 4010 1104 4071 verbis
1153 4018 1213 4069 et
1250 4013 1258 4082 Ι
1299 4008 1620 4088 participiis
1652 4009 1763 4069 hoc
1811 4009 2084 4083 inveniri,
2132 4030 2265 4071 cum
2316 4010 2487 4071 etiam
2536 4010 2591 4070 in
2637 4009 2973 4070 nominibus
3017 4028 3155 4089 pos·
3174 4027 3227 4069 ³5

567 4122 704 4175 sunt
765 4110 1169 4172 huiuscemodi
1227 4110 1683 4188 compositiones
1745 4130 1908 4186 esse;
1974 4119 2034 4173 ut
2087 4111 2240 4172 idem
2302 4121 2414 4172 tam
2478 4131 2679 4173 mascu
2700 4108 2721 4193 Η
2741 4110 2923 4172 linum
2986 4128 3159 4188 quam

568 4224 838 4275 neutrum
887 4232 957 4274 ex
1002 4212 1231 4272 duobus
1268 4219 1359 4272 est
1399 4211 1723 4291 corruptis,
1772 4198 2034 4274 eiusdem
2079 4233 2215 4275 vero
2260 4233 2327 4273 ex
2371 4213 2600 4291 integro
2642 4221 2699 4274 et
2746 4220 3054 4293 corrupto,
3103 4218 3160 4271 et

744 4349 765 4399 1
808 4351 894 4399 vix
944 4349 1148 4398 saecula
1193 4348 1349 4412 longa
1398 4348 1638 4397 decorum
1673 4362 1765 4399 om.
1805 4349 1848 4398 G
2021 4349 2055 4400 6
2091 4349 2450 4400 accidunt.M
2483 4348 2799 4414 Significatio
2849 4348 3157 4413 comparatio

567 4420 732 4485 figura
770 4423 811 4469 (ι’
971 4420 1002 4467 7
1045 4430 1296 4483 posquam
1341 4418 1382 4467 C
1544 4416 1599 4467 ll
1641 4418 1797 4483 igitur
1837 4427 1889 4466 ut
1923 4427 1972 4467 et
2008 4420 2078 4469 uti
2115 4433 2272 4467 unum
2304 4418 2585 4485 significan
2618 4418 2917 4467 adverbium
2953 4417 3156 4480 quidem

567 4500 670 4550 est,
725 4489 927 4551 qnando
987 4488 1361 4563 Lindemangms
1501 4486 1796 4535 adverbium
1833 4502 1923 4536 om.
1956 4485 2028 4549 S,
2066 4489 2189 4537 add.
2228 4505 2254 4536 ε
2434 4487 2493 4537 13
2533 4488 2614 4537 nel
2664 4477 2750 4536 ὅτι
2789 4489 3159 4538 Lindemannus

564 4558 723 4607 ueluti
767 4559 809 4607 G
845 4557 985 4607 uelut
1018 4555 1097 4606 CS
1133 4555 1210 4605 uel
1256 4570 1413 4610 οπως
1445 4569 1477 4611 ς
1502 4576 1519 4606 .·
1553 4558 1620 4618 cf.
1656 4573 1712 4619 p.
1740 4556 1861 4618 496,
1890 4556 1949 4606 13
2060 4559 2123 4606 14
2152 4571 2387 4621 graecam
2426 4557 2506 4607 CS
2537 4558 2730 4622 gratias
2767 4558 2810 4606 G
2914 4556 2973 4605 16
3008 4556 3157 4605 habet

568 4625 652 4676 GS
687 4624 871 4675 habent
909 4626 949 4673 C
1069 4624 1129 4674 19
1166 4626 1217 4673 in
1253 4623 1579 4690 Phormione]
1621 4626 1686 4687 cf.
1721 4640 1774 4686 p.
1800 4627 1922 4686 406,
1956 4626 2017 4675 15
2124 4626 2191 4675 20
2226 4627 2441 4691 perdant
2467 4625 2509 4674 S
2541 4627 2762 4692 perdunt
2799 4626 2883 4676 GG
2919 4626 3158 4691 perduint

566 4695 616 4742 L
774 4696 843 4742 22
876 4695 928 4742 ἰη
966 4695 1129 4757 primo
1170 4692 1452 4758 Aeneidos]
1490 4711 1534 4743 v.
1576 4696 1672 4744 148
1839 4695 1906 4746 23
1945 4709 2135 4760 magua
2171 4710 2285 4743 cum
2323 4696 2362 4744 G
2500 4711 2613 4744 cum
2652 4725 2718 4734 —
2756 4694 2940 4744 seditio
2979 4711 3071 4743 om.
3114 4694 3158 4743 G

622 4829 632 4839 ·
678 4760 807 4874 'b35
825 4770 891 4875 gt
925 4761 1205 4825 participiis
1236 4789 1304 4800 —
1339 4773 1555 4827 possunt
1601 4779 1692 4817 om.
1731 4765 1772 4814 C
1826 4814 1833 4821 ,
1874 4792 1891 4799 —
1934 4765 1983 4813 iu
2034 4765 2323 4814 nominibus
2359 4766 2403 4816 G
2455 4766 2507 4814 iu
2553 4763 2938 4830 pronominibus
2976 4775 3025 4813 et
3065 4777 3156 4811 no-

568 4844 689 4876 mun
733 4844 789 4875 us
