3576 5595
1317 461 1546 523 Lmen
1589 462 1738 524 xvu
1783 471 2017 525 εῖτ-τι».
2628 442 2637 451 ’
2855 463 2972 525 149

480 578 742 630 p.1069.70
770 577 815 619 r.
2544 592 2586 631 p.
2616 581 2786 621 44-46
2815 579 2867 623 κ.

1407 668 1536 728 ego
1583 657 1678 719 te,
1727 668 1912 728 quae
1958 648 2281 730 plurima
2326 649 2549 710 fando

679 733 1136 811 Enunierare
1175 749 1433 812 vales?

378 853 482 914 sed
525 853 930 927 manifestum,
983 853 1137 930 quod
1190 852 1320 931 quia
1370 873 1486 914 non
1537 861 1788 932 possunt
1833 853 2066 913 nomina
2112 853 2172 913 in
2210 852 2396 932 prima
2442 862 2500 914 et
2540 854 2795 915 secunda
2839 873 2971 916 esse

376 975 656 1037 persona,
718 963 783 1016 ut
839 954 1221 1016 ostendimus,
1275 957 1285 1029 Ι
1336 964 1394 1016 at
1439 955 1593 1016 dicet
1633 955 1842 1033 aliquis
1884 955 2067 1032 «quid
2110 953 2329 1033 igitur?
2372 975 2490 1017 non
2546 957 2717 1017 etiam
2773 958 2940 1034 igno·
2968 954 3143 1009 X170

327 1082 351 1120 5
384 1059 525 1119 ratis
587 1057 921 1118 nominibus
983 1056 1233 1118 dicimus
1295 1059 1480 1135 ‘ego'
1538 1065 1596 1117 et
1654 1056 1882 1117 ‘tu’‘?»
1952 1056 2022 1116 ad
2089 1075 2264 1134 quern
2324 1057 2797 1137 respondendum
2858 1067 2968 1133 est,

377 1160 534 1239 quod
574 1179 643 1220 ex
689 1158 989 1221 accidente
1033 1160 1147 1220 hoc
1194 1161 1256 1220 lit
1312 1158 1400 1236 [id
1441 1167 1530 1219 est
1571 1158 2072 1219 demonstratione
2111 1160 2384 1239 propriae
2430 1160 2788 1239 qualitatisl,
2837 1180 2968 1222 cum

379 1262 644 1323 similiter
679 1262 852 1322 etiam
900 1262 1133 1339 cognita
1176 1260 1409 1321 nomina
1451 1260 1918 1339 pronouiinalem
1952 1279 2128 1341 saepe
2168 1261 2406 1340 exigunt
2446 1260 2965 1323 constructionem.

377 1384 496 1425 non
540 1364 734 1425 minus
781 1372 974 1423 tamen
1020 1364 1105 1423 sic
1149 1381 1382 1441 quoque
1429 1362 1559 1422 loco
1609 1383 1813 1424 eorum
1872 1362 2254 1443 accipiuntur.
2342 1363 2394 1423 vi
2446 1364 2599 1425 enim
2663 1366 2966 1445 proprium

377 1484 590 1526 nomen
637 1464 992 1543 intellegitur
1033 1483 1141 1545 per
1183 1483 1539 1547 pronomen:
1599 1484 1715 1526 non
1764 1465 1894 1526 dico
1941 1462 2100 1527 vocis
2146 1483 2389 1538 nomen,
2437 1466 2541 1526 sed
2583 1466 2738 1544 quod
2784 1485 2853 1527 ex
2899 1484 2983 1553 ea⁸

302 1576 354 1657 ¹0·
378 1568 738 1641 ostenditur,
790 1566 845 1626 id
896 1576 982 1627 est
1031 1566 1267 1647 propria
1312 1566 1559 1644 qualitas
1605 1566 1929 1646 suppositi,
1984 1566 2040 1626 in
2089 1585 2199 1644 qua
2248 1577 2385 1628 sunt
2428 1568 2662 1648 propria
2709 1568 3009 1641 nomina„

365 1669 755 1748 ,quamobrem
807 1668 877 1728 ad
926 1669 1068 1729 nihil
1115 1670 1252 1730 utile
1299 1668 1595 1749 pertinent
1643 1668 2026 1747 pronomina,
2102 1669 2150 1729 si
2207 1677 2408 1729 carent
2454 1670 2725 1749 personis
2769 1678 2968 1731 osten-

376 1773 569 1832 dentis
616 1780 674 1831 et
731 1772 886 1843 eiuS,
944 1770 1041 1847 qui
1087 1772 1433 1832 ostenditur.
1524 1770 1719 1848 itaque
1763 1789 1898 1831 cum
1943 1770 2281 1836 scribuntur
2327 1790 2434 1850 per
2483 1790 2547 1831 se
2598 1772 2977 1852 pronomina,

379 1873 620 1934 nimium
666 1873 887 1933 infinita
932 1881 1099 1946 sunt,
1166 1872 1391 1934 scilicet
1435 1890 1566 1932 cum
1628 1891 1731 1932 sua
1788 1873 2029 1932 materia
2088 1872 2361 1955 excidunt
2425 1873 2523 1950 [id
2579 1881 2668 1933 est
2722 1873 2964 1934 demon-

378 1975 660 2035 stratione
719 1974 1012 2053 qualitatis
1060 1974 1372 2056 propriae].
1465 1973 1620 2033 unde
1677 1973 2132 2047 rationabiliter,
2196 1973 2295 2052 qui
2348 1973 2459 2034 sibi
2518 1975 2763 2035 invicem
2816 1976 2965 2035 scri-

301 2095 349 2134 15
376 2076 554 2151 bunt,
612 2076 805 2136 solent
855 2078 1089 2138 nomina
1147 2061 1510 2157 praeponere
1565 2076 1828 2156 propria,
1890 2076 2107 2154 quibus
2161 2076 2288 2136 siue
2345 2076 2627 2154 perfectio
2679 2076 2962 2138 orationis

376 2198 493 2240 non
539 2185 866 2251 constaret,
925 2198 1059 2239 cum
1104 2188 1397 2257 ponantur
1437 2178 1780 2256 pronomina
1835 2186 1950 2238 tam
1996 2179 2218 2258 primae
2270 2196 2445 2256 quam
2489 2178 2782 2239 secundae
2827 2198 2961 2259 per-

375 2299 554 2341 sonae
604 2287 844 2359 propter
897 2281 1230 2341 accidentes
1293 2288 1477 2340 actus
1517 2289 1634 2340 tam
1692 2280 1971 2341 scribenti
2026 2299 2199 2359 quam
2251 2279 2330 2340 illi
2379 2279 2453 2341 ad
2507 2299 2683 2358 quem
2737 2280 2957 2341 scribit.

374 2382 723 2463 praepositis
774 2380 949 2459 igitur
998 2381 1334 2442 nominibus
1391 2382 1674 2462 propriiS,
1746 2390 1808 2442 ut
1881 2382 2127 2444 ‘Cicero
2186 2382 2435 2456 Bruto’,
2504 2382 2558 2441 vi
2612 2382 2683 2442 ad
2738 2401 2803 2443 ea
2857 2382 2958 2443 de-

373 2484 828 2546 monstrationes
885 2482 1106 2544 faciunt
1160 2484 1524 2563 pronomina.
1629 2484 1679 2544 si
1735 2484 1891 2544 enim
1942 2503 2156 2564 ponam
2223 2486 2369 2563 ‘ego
2437 2483 2541 2545 tibi
2606 2492 2664 2544 et
2737 2483 2957 2546 dudum

291 2609 341 2649 20
371 2587 652 2667 scripsi’‚
727 2584 983 2645 ostendit
1047 2604 1155 2664 per
1219 2578 1546 2665 pronomen
1603 2587 1795 2665 ‘ego'
1858 2587 2111 2648 nominis
2177 2586 2579 2667 praepositum
2647 2585 2956 2647 nominati·

372 2708 536 2762 vum,
576 2707 681 2767 per
724 2685 900 2747 ‘tibi’
945 2695 1140 2747 autem
1185 2687 1439 2748 dativum
1487 2687 1785 2749 secundae
1832 2707 2153 2767 personae,
2199 2672 2297 2767 uui
2341 2689 2470 2750 loco
2515 2686 2689 2749 dativi
2736 2685 2957 2770 numill-

372 2792 462 2854 nis
505 2789 820 2872 praepositi
866 2788 1167 2869 accipitur.
1256 2810 1366 2852 nec
1423 2790 1665 2852 dubium
1721 2797 1841 2865 est,
1897 2791 2052 2870 quod
2101 2790 2344 2853 sublatis
2402 2790 2740 2853 nominibus
2793 2799 2958 2852 ante-

363 2875 580 2973 positis
626 2894 797 2953 etiam
844 2891 1190 2971 pronomina
1236 2892 1459 2954 infinita
1505 2895 1669 2954 fiunt.
2116 2909 2125 2917 ·
2721 2880 2746 2908 ⁸

545 2994 652 3055 Est
697 3001 891 3054 autem
934 3013 1140 3065 causa,
1191 3005 1431 3075 propter
1469 3013 1642 3074 quam
1694 2996 1931 3057 nomina
1979 3016 2095 3056 non
2141 3005 2393 3076 possunt
2434 2996 2620 3075 accipi
2666 2996 2724 3056 in
2770 2995 2959 3075 prima

296 3117 346 3158 ²5
375 3105 433 3157 et
475 3095 732 3156 secunda
773 3114 1057 3175 persona,
1113 3115 1288 3174 quam
1334 3097 1606 3175 superius
1651 3115 1884 3175 quoque
1923 3097 2203 3170 diximuS‚
2269 3098 2354 3158 vel
2398 3098 2557 3176 quod
2600 3089 2960 3159 substantiae

374 3207 434 3260 et
473 3197 791 3276 qualitates
830 3198 1133 3276 generales
1184 3206 1244 3258 et
1285 3216 1627 3258 communes
1673 3206 1731 3258 et
1775 3199 2061 3278 speciales
2107 3208 2165 3260 et
2206 3199 2565 3274 individuae,
2629 3200 2689 3260 in
2747 3199 2959 3278 quibus

375 3308 511 3362 sunt
556 3300 823 3373 nomina,
881 3318 997 3360 non
1042 3299 1261 3360 habent
1306 3309 1527 3361 certam
1573 3300 1986 3361 discretionem
2032 3319 2445 3381 personarum,
2503 3308 2567 3361 ut
2609 3310 2750 3380 puta
2794 3303 2959 3361 ‘oin-

372 3403 463 3463 nis
529 3403 745 3463 homo’
806 3409 864 3461 et
924 3401 1249 3462 substantia
1306 3410 1505 3481 potest
1560 3401 1673 3462 dici
1743 3411 1801 3463 et
1867 3402 2076 3464 animal
2150 3410 2207 3462 et
2273 3404 2480 3476 homo,
2554 3410 2613 3462 et
2670 3402 2958 3463 nominari

372 3493 600 3565 ‘Plato”
631 3503 720 3562 vel
764 3503 1016 3564 ‘Cicero'
1073 3503 1160 3564 vel
1212 3503 1532 3583 ‘Virgilius'
1583 3505 1671 3565 vel
1715 3505 2127 3583 quodcumque
2185 3523 2254 3564 ex
2310 3504 2564 3585 propriis
2620 3503 2957 3565 nominibus

2994 2392 3058 2442 71

295 3622 346 3665 ao
375 3614 568 3685 potest
624 3605 846 3683 imponi
889 3605 987 3665 uni
1051 3605 1239 3688 alilcui
1283 3627 1350 3666 ex
1398 3606 1691 3668 omnibus.
1780 3607 1968 3685 prima
2009 3615 2204 3668 autem
2246 3625 2499 3686 persona
2545 3606 2618 3667 ad
2666 3605 2891 3695 nullum
2922 3611 3030 3669 xll
3058 3620 3127 3670 72

373 3708 625 3788 pertinet
681 3706 792 3767 nisi
838 3707 911 3767 ad
957 3707 1149 3788 ipsum
1189 3707 1286 3787 qui
1330 3707 1622 3785 loquitur;
1678 3726 1788 3768 nec
1846 3709 2101 3770 secunda
2160 3708 2233 3769 ad
2291 3709 2467 3769 alium
2527 3708 2641 3770 nisi
2695 3707 2767 3769 ad
2824 3726 2956 3769 eum

513 3918 536 3968 1
571 3915 815 3983 plurima]
843 3900 887 3966 'r
922 3916 1072 3982 plura
1109 3919 1154 3967 R
1295 3920 1328 3968 2
1358 3918 1649 3968 enumerate
1680 3919 1728 3969 Β
1881 3919 1913 3970 3
1956 3920 2075 3982 quia
2113 3935 2204 3973 om.
2245 3919 2294 3968 D
2446 3922 2477 3969 4
2515 3889 2601 3969 aut
2636 3920 2713 3969 Ην·
2747 3927 2833 3969 aut
2870 3917 2960 3969 DS

372 4032 427 4071 ut
461 4023 505 4072 L
680 3984 798 4084 quid
833 4022 914 4071 Rr·
1073 4024 1105 4072 5
1143 4020 1312 4088 quem]
1353 4022 1490 4085 quod
1526 4020 1621 4070 M?
1780 4032 1859 4072 est
1892 4039 1983 4074 om.
2025 4023 2277 4075 MDNSL
2322 4038 2366 4073 s,
2406 4026 2455 4077 ὃ.
2511 4038 2677 4086 spscr.
2711 4041 2743 4073 n
2923 4024 2959 4075 o

2456 4103 2482 4128 V

370 4140 660 4208 accidente]
705 4159 736 4191 r
777 4144 828 4191 in
863 4142 1110 4193 accidenti
1141 4150 1253 4194 rma.
1291 4143 1344 4191 N
1372 4143 1634 4194 occidente
1669 4144 1717 4194 13
1755 4145 2029 4195 accedente
2063 4145 2112 4194 L
2285 4144 2320 4194 8
2356 4146 2510 4196 minis
2542 4144 2609 4193 M
2780 4143 2890 4211 sic]
2929 4163 2959 4195 r·

370 4216 437 4261 sit
469 4214 514 4264 lt
654 4211 732 4279 vi]
769 4211 825 4262 Si
858 4212 901 4262 S
1051 4214 1312 4278 proprium
1351 4212 1557 4281 nomen]
1597 4230 1628 4262 r
1664 4229 1942 4279 pronomen
1981 4217 2027 4266 R
2184 4214 2218 4264 9
2255 4214 2560 4280 intelligitur
2590 4230 2662 4265 ex
2690 4216 2957 4282 intellege·

333 4280 450 4332 'tur
484 4290 600 4332 mue.
642 4283 696 4332 N
833 4280 948 4348 sed]
988 4292 1036 4332 et
1077 4283 1119 4333 O
1270 4285 1337 4335 10
1373 4285 1636 4347 qualitatis
1671 4285 1819 4335 liv-M
1982 4286 2235 4350 subpositi
2270 4284 2361 4336 RS
2523 4286 2727 4335 nomina
2761 4303 2832 4336 οτι·
2867 4301 2957 4336 no-

368 4369 517 4404 mena
551 4368 689 4403 corr.
728 4354 779 4404 D
922 4352 982 4403 11
1022 4351 1109 4419 ad]
1143 4353 1181 4401 d
1213 4367 1243 4401 a
1276 4355 1325 4403 D
1475 4364 1681 4404 careant
1715 4354 1964 4406 MONSL
2122 4354 2185 4405 12
2223 4353 2333 4419 qui]
2376 4370 2505 4418 quae
2544 4355 2822 4406 MOEDNS

368 4421 671 4489 ostenditur]
708 4425 784 4473 sic
819 4421 870 4469 N
907 4423 988 4472 uel
1021 4423 1315 4473 ostendatur
1349 4440 1463 4488 sup.
1496 4427 1583 4477 lin.
1623 4441 1656 4472 n
1816 4441 1932 4476 cum
1966 4425 2255 4474 scribuntur
2287 4441 2358 4474 ιω
2393 4426 2780 4476 conscribuntur
2815 4441 2952 4478 corr.

369 4494 417 4542 D
557 4508 649 4557 per
682 4508 739 4543 se
773 4507 866 4544 om,
908 4490 1091 4542 ONSL
1238 4492 1298 4544 13
1335 4509 1448 4544 cum
1482 4510 1512 4543 a
1548 4510 1641 4544 sua
1677 4494 1726 4544 N
1881 4496 2124 4545 excidunt
2152 4511 2223 4544 ex
2259 4496 2513 4545 excedunt
2546 4511 2684 4548 corr.
2725 4498 2777 4545 N
2807 4511 2958 4545 exce-

368 4563 492 4611 dunt
525 4563 639 4613 ML
798 4563 936 4612 idem
975 4562 1041 4612 M
1195 4562 1259 4614 15
1293 4565 1403 4613 sine
1435 4563 1643 4630 quibus]
1688 4565 1793 4615 MS
1951 4565 2015 4616 16
2052 4581 2166 4614 cum
2201 4563 2478 4632 ponantur]
2516 4566 2898 4630 Cumponautur
2928 4582 2958 4615 r

369 4632 755 4698 Compouantur
789 4633 837 4682 R
880 4631 1006 4681 Cum
1042 4643 1297 4697 ponuntur
1335 4634 1381 4682 L
1559 4636 1621 4686 17
1662 4636 1961 4685 accedentes
2003 4635 2052 4684 L
2222 4636 2492 4700 scribenti]
2532 4637 2570 4685 d
2614 4636 2874 4686 scribendi
2907 4638 2958 4688 D

367 4737 637 4786 scribentis
672 4736 744 4786 Or
889 4734 955 4786 18
991 4736 1042 4783 vi
1077 4750 1168 4786 om.
1213 4737 1255 4786 0
1397 4752 1486 4802 eas
1521 4738 1564 4788 S
1711 4738 1769 4787 19
1805 4716 1891 4788 Nee
1922 4737 2001 4787 Ην·
2138 4738 2208 4788 20
2243 4735 2485 4803 ostendit]
2515 4740 2591 4789 cic
2620 4739 2737 4790 ΗΜ
2758 4740 2959 4791 ostendi

367 4805 656 4857 omas&-
690 4799 750 4854 τὸ
789 4796 896 4870 γὰρ
936 4794 1073 4868 ιἐγώ
1110 4819 1197 4854 σοι
1234 4801 1332 4855 καὶ
1370 4800 1541 4856 πάλαι
1579 4801 1832 4872 ἔγραψα’
1877 4805 2126 4856 δείκνυσι
2162 4807 2399 4870 Aponon.
2433 4811 2469 4861 Ι.
2498 4810 2529 4857 l.
2561 4823 2614 4871 p.
2645 4808 2761 4864 113.
2786 4808 2820 4858 9

365 4878 433 4926 22
475 4877 796 4940 accipiuntur
834 4876 876 4925 0
1015 4876 1082 4925 27
1119 4875 1257 4941 sunt]
1296 4879 1398 4927 sint
1435 4877 1476 4927 Ο
1618 4889 1666 4926 ut
1700 4887 1819 4945 pote
1862 4879 1904 4927 L
2044 4876 2112 4926 30
2145 4879 2231 4926 uui
2269 4893 2359 4928 om.
2398 4877 2439 4927 Ο
2588 4893 2653 4927 ex
2689 4879 2874 4942 poibus
2912 4878 2963 4928 N

505 4944 568 4995 31
610 4945 675 4995 ad
713 4943 891 5011 alium]
928 4960 1041 5008 sup.
1079 4947 1164 4996 lin.
1199 4947 1246 4995 L
1284 4947 1347 4996 ad
1383 4947 1537 4997 aliam
1571 4948 1620 4996 N
1757 4947 1827 4997 ad
1862 4962 1978 4997 eum
2014 4947 2081 4997 ad
2116 4962 2266 5011 quem
2302 4947 2403 4997 NL

1379 5045 1408 5076 Ι
