3576 5595
1462 427 1885 487 PRAEFATIO
2856 433 2980 496 389

379 610 772 691 ticanum,
813 613 925 697 qui
963 620 1063 698 est
1102 612 1167 675 in
1203 609 1604 675 bibliotheca
1635 610 2008 676 Christinae
2039 613 2308 695 reginae
2344 612 2616 676 Succiae
2648 619 2808 680 1709
2835 618 2978 699 (B).

378 713 435 774 is
481 721 580 775 est
623 711 1159 776 membranaceus
1206 713 1415 776 forma
1460 711 1780 797 quadrata
1833 711 2095 776 saeculo
2149 713 2402 777 decimo
2463 715 2765 801 scriptus.
2856 718 2983 782 fuit

378 812 534 876 olim
567 813 747 877 Petri
779 812 1109 894 Danielis,
1159 815 1344 877 cuius
1386 836 1623 877 nomen
1662 814 1731 876 in
1776 813 2020 877 scheda
2059 815 2390 877 tricesima
2420 816 2632 900 prima
2664 818 2977 902 scriptum

378 923 476 978 est
535 916 660 997 ita,
740 918 862 979 ‘ex
917 915 1102 978 libris
1163 913 1358 978 Petri‘
1394 914 1694 978 Danielis
1718 921 1762 975 ’.
1866 915 2157 979 continet
2221 925 2437 978 autem
2497 918 2777 1001 primum
2844 928 2978 983 tres

377 1014 581 1080 libros
622 1017 976 1097 Prisciani,
1025 1017 1106 1080 de
1153 1016 1390 1103 quibus
1438 1016 1748 1097 dicimus,
1808 1015 2045 1078 deinde
2086 1015 2307 1080 Rufini
2347 1018 2583 1081 librum
2631 1018 2711 1083 de
2757 1021 2979 1083 metris

375 1117 822 1202 Terentianis,
885 1140 1077 1204 quem
1123 1117 1327 1181 libelli
1373 1117 1639 1203 quidam
1684 1117 1852 1180 varii
1911 1113 2277 1201 argumenti
2334 1117 2416 1180 ab
2467 1117 2839 1183 hominibus
2887 1121 2981 1183 in—

379 1218 638 1282 ferioris
683 1221 919 1283 aetatis
981 1220 1301 1306 conpositi
1357 1219 1723 1304 excipiunt:
1791 1220 1859 1281 in
1915 1218 2169 1304 reliqua
2226 1218 2469 1282 codicis
2522 1229 2708 1305 parte
2754 1221 2978 1285 Ovidii

378 1320 689 1384 fastorum
736 1320 886 1384 libri
931 1321 1063 1384 alia
1106 1343 1310 1407 eaque
1350 1321 1716 1404 antiquiore
1769 1340 1969 1382 manu
2030 1320 2254 1405 scripti
2309 1328 2478 1383 sunt.
2571 1323 2741 1385 hunc
2795 1324 2850 1386 si
2910 1325 2978 1386 in

377 1421 678 1485 omnibus
736 1422 950 1485 tribus
998 1421 1182 1485 libris
1241 1419 1696 1495 contulissem,
1758 1442 2013 1484 omnem
2061 1423 2422 1508 scripturae
2470 1421 2977 1509 discrepantiam

376 1523 843 1587 exhibuissem.
934 1545 1084 1586 nam
1145 1522 1398 1586 etiamsi
1457 1524 1597 1608 ipse
1637 1544 1896 1609 quoque
1939 1522 2210 1586 eandem
2268 1525 2751 1607 recensionem,
2807 1547 2979 1611 quae

380 1635 480 1688 est
523 1626 588 1688 in
636 1625 937 1689 Parisino
982 1634 1047 1688 et
1094 1625 1159 1687 in
1197 1624 1509 1687 Leidensi
1563 1623 1817 1703 codice,
1876 1623 2200 1709 sequitur,
2262 1633 2478 1688 tamen
2524 1627 2735 1710 magis
2782 1648 2977 1712 quam

380 1726 612 1816 reliqui
674 1727 757 1789 ab
814 1725 946 1789 illis
1005 1725 1255 1789 recedit
1309 1735 1374 1788 et
1424 1727 1686 1811 propria
1727 1723 2052 1810 quaedam
2100 1726 2401 1789 veritatis
2447 1728 2730 1811 vestigia
2773 1736 2974 1808 tenet,

376 1849 767 1914 quamquam
824 1836 922 1890 est
982 1828 1094 1891 ubi
1154 1826 1474 1908 dubitem,
1539 1835 1755 1889 utrum
1818 1847 1898 1889 ea
1957 1849 1998 1888 a
2048 1826 2316 1890 meliore
2376 1827 2556 1890 fonte
2616 1838 2977 1914 propagata

377 1932 507 1993 sint
550 1952 633 1992 an
678 1952 718 1991 a
763 1929 950 1992 docto
991 1928 1250 1992 homine
1293 1928 1578 1992 inventa.
1669 1936 1823 1990 sunt
1866 1928 2038 1990 enim
2085 1929 2302 1991 omnia
2345 1929 2437 1992 ita
2480 1939 2855 2014 conparata,
2900 1939 2972 1994 ut

376 2031 751 2094 coniectura
804 2031 1087 2094 inveniri
1142 2023 1539 2116 potuerint(
1593 2029 1854 2092 tertium
1915 2029 2206 2092 codicem
2261 2029 2597 2116 adsumpsi
2659 2029 2974 2094 Parisi-

337 2181 343 2187 .
378 2154 551 2195 num
580 2138 614 2194 7
633 2137 772 2196 501
806 2130 1369 2195 membranaceum
1397 2130 1607 2193 forma
1634 2131 1923 2193 maxima
1949 2130 2209 2194 saeculo
2229 2131 2478 2195 decimo
2503 2133 2816 2216 scriptum
2834 2133 2976 2214 (A).

374 2236 485 2320 qui
532 2233 744 2297 codex
788 2242 933 2320 post
975 2232 1416 2296 institutiones
1444 2231 1767 2294 Prisciani
1807 2241 1871 2295 et
1902 2254 2164 2295 carmen
2204 2231 2284 2295 de
2326 2232 2728 2317 ponderibus
2767 2232 2968 2297 libros

376 2335 461 2399 ad
508 2333 968 2422 Symmachum
1026 2317 1313 2419 scriptos·
1360 2334 1652 2397 continet
1707 2332 1753 2395 f.
1813 2336 1925 2396 194
1961 2369 2033 2380 -
2079 2335 2233 2396 205:
2305 2332 2421 2398 hos
2467 2334 2714 2420 excipit
2755 2333 2975 2397 Rufini

379 2435 641 2500 libellus
699 2436 744 2498 f.
790 2437 1167 2499 205—210
1233 2443 1296 2497 et
1351 2435 1752 2519 interpositis
1806 2435 2035 2520 paucis
2088 2434 2552 2499 vocabulorum
2593 2436 2977 2523 interpreta-

373 2539 665 2602 tionibus
725 2537 1228 2602 commentarius
1284 2535 1353 2598 in
1406 2535 1819 2600 priscianum
1874 2536 1919 2599 f.
1969 2539 2081 2598 211
2125 2574 2208 2583 —
2241 2540 2386 2600 220.
2489 2558 2572 2599 cx
2621 2536 2742 2600 hoc
2807 2535 2975 2600 libro

376 2662 569 2725 quam
625 2638 977 2724 diligenter
1032 2637 1184 2700 olim
1241 2639 1308 2700 hi
1362 2659 1620 2724 quoque
1666 2637 1988 2701 Prisciani
2034 2637 2180 2701 libri
2242 2660 2281 2701 a
2335 2637 2543 2702 doctis
2603 2637 2976 2703 hominibus

322 2771 331 2779 ·
378 2742 637 2806 tractati
705 2742 836 2805 sint
893 2738 1188 2825 intellegi
1242 2746 1477 2825 potest.
1579 2761 1728 2802 nam
1797 2739 2000 2804 multa
2057 2740 2125 2803 in
2180 2739 2587 2825 marginibus
2648 2740 2980 2826 adscripta

377 2855 561 2926 sunt,
607 2842 840 2929 quibus
884 2851 1235 2929 praecepta
1270 2842 1676 2925 grammatici
1720 2841 2227 2927 explicarentur.
2305 2841 2420 2905 sed
2467 2863 2543 2905 ea
2583 2843 2802 2905 omnia
2845 2852 2975 2905 tam

378 2946 678 3029 vulgaria
723 2943 825 3007 vel
869 2946 1091 3027 inepta
1134 2951 1305 3022 sunt,
1352 2952 1423 3005 ut
1468 2941 1630 3005 nihil
1674 2943 1947 3027 dignum
1996 2965 2140 3006 esse
2190 2942 2578 3007 crediderim
2628 2941 2801 3028 quod
2847 2965 2977 3005 me-

377 3048 619 3110 moriae
665 3045 1052 3108 traderetur.
1141 3051 1370 3105 contra
1417 3066 1494 3106 ea
1540 3064 1707 3129 quae
1766 3047 1833 3107 in
1882 3045 2024 3129 ipsa
2063 3046 2387 3131 scriptura
2436 3043 2681 3108 codicis
2726 3052 2978 3108 mutata

379 3156 564 3212 erant
610 3169 737 3210 non
776 3154 1076 3232 poterant
1114 3143 1395 3229 neglegi.
1487 3144 1646 3207 hacc
1706 3146 1938 3229 igitur,
1999 3148 2297 3232 quamvis
2356 3167 2484 3209 non
2543 3145 2628 3208 ab
2682 3166 2812 3209 uno
2867 3144 2977 3209 ho-

378 3252 553 3313 mine
592 3249 810 3311 omnia
850 3247 1144 3333 profecta
1191 3266 1336 3309 esse
1382 3246 1673 3328 credam,
1733 3256 1804 3309 ut
1863 3246 2029 3311 solet
2082 3250 2148 3312 in
2200 3248 2319 3311 hoc
2364 3268 2604 3331 genere
2658 3247 2977 3309 incertum

379 3373 523 3415 esse
571 3350 920 3430 iudicium,
968 3358 1216 3428 tamen,
1265 3346 1478 3411 sicubi
1520 3346 1722 3432 digna
1772 3370 1918 3412 esse
1965 3349 2277 3412 memoria
2321 3347 2746 3429 videbantur,
2807 3369 2977 3410 com-

380 3453 558 3517 muni
607 3473 647 3514 α
701 3450 957 3513 litterae
1013 3458 1167 3512 nota
1224 3449 1534 3513 indicavi.
1627 3449 1741 3513 sed
1796 3450 1967 3513 hunc
2024 3449 2312 3514 codicem
2368 3451 2434 3512 in
2493 3447 2746 3512 duobus
2793 3447 2979 3512 libris

381 3555 462 3617 de
507 3553 734 3640 figuris
778 3572 1193 3615 numerorum
1242 3560 1306 3614 et
1348 3550 1428 3614 de
1474 3553 1697 3615 metris
1730 3550 2021 3616 Terentii
2065 3552 2401 3638 usurpavi.
2491 3552 2751 3619 namjn
2795 3573 2980 3636 prae·

380 3654 957 3720 exercitaminibus
996 3663 1255 3740 praeter
1299 3653 1822 3738 antiquissimum
1872 3653 2242 3716 Parisinum
2287 3653 2612 3717 conlatum
2657 3651 2979 3732 habebam

380 3756 863 3821 Leidensem
930 3755 1255 3835 codicem,
1324 3756 1435 3841 qui
1491 3763 1591 3818 est
1647 3758 1817 3818 inter
1874 3754 2230 3818 Vossianos
2299 3756 2548 3819 formae
2621 3752 2981 3841 quadratae

381 3880 651 3923 numero
691 3858 1057 3921 tricesimus
1102 3857 1357 3920 tertiuS.
1450 3854 1531 3919 de
1578 3879 1703 3941 quo
1753 3856 2008 3933 codice,
2075 3879 2203 3943 quo
2254 3866 2318 3921 et
2371 3856 2524 3922 olim
2566 3858 2633 3919 in
2680 3854 2980 3918 Charisio

383 3970 448 4024 et
492 3980 667 4023 nunc
711 3960 777 4020 in
824 3958 1078 4022 duobus
1111 3957 1433 4021 Prisciani
1480 3955 1666 4021 libris
1715 3979 1874 4021 usus
1932 3979 2073 4021 sum
2133 3966 2196 4021 et
2237 3967 2466 4043 postea
2509 3966 2656 4020 utar
2695 3957 2977 4042 saepius,

382 4062 686 4149 quoniam
754 4062 970 4123 minus
1038 4059 1420 4143 diligentem
1476 4060 1541 4121 in
1598 4081 1673 4122 eo
1735 4057 2170 4122 describendo
2223 4058 2430 4122 fuisse
2485 4058 2680 4122 video
2736 4056 2978 4121 Linde·

380 4184 689 4226 mannum
734 4160 941 4247 praef.
988 4162 1052 4224 in
1096 4146 1302 4224 Prisc.
1348 4181 1452 4245 op.
1498 4160 1652 4222 min.
1700 4181 1763 4243 p.
1806 4159 1936 4222 XV
1966 4181 2130 4243 sqq.,
2177 4158 2393 4223 dicam
2429 4160 2820 4223 accuratius.
2895 4179 2981 4221 ex

382 4264 664 4329 diversis
731 4263 933 4346 igitur
997 4261 1521 4326 membranarum
1587 4259 1920 4323 fasciculis
1980 4261 2356 4345 conpositus
2421 4268 2539 4324 est.
2642 4280 2677 4323 e
2738 4259 2976 4344 quibus

380 4364 711 4430 fasciculis
752 4364 1032 4449 primus,
1071 4363 1118 4427 f.
1174 4366 1430 4444 1—56,
1479 4362 1590 4448 qui
1639 4361 1763 4424 fuit
1801 4359 1952 4423 olim
1996 4361 2481 4426 Bartholomaei
2525 4360 2977 4444 Schobingeri‚

382 4466 719 4531 Ciceronis
776 4464 857 4527 de
916 4466 1295 4530 inventione
1350 4463 1554 4527 libros
1607 4462 1871 4525 saeculo
1928 4462 2274 4526 undecimo
2332 4463 2605 4551 scriptos
2658 4464 2978 4526 eontinet:

380 4569 448 4630 in
491 4566 722 4629 ultima
761 4566 900 4629 eius
945 4568 1189 4651 pagina
1233 4567 1458 4651 scripti
1504 4572 1656 4627 sunt
1710 4585 1940 4627 versus
2000 4563 2437 4650 quadraginta
2489 4563 2617 4626 duo
2633 4612 2650 4644 ,
2709 4567 2982 4627 Rithmus

381 4674 458 4731 de
508 4674 912 4732 communione
966 4678 1025 4732 el
1077 4671 1423 4744 differentia
1467 4671 1760 4730 rethorice
1808 4686 1883 4729 ac
1936 4670 2247 4730 dialectice
2265 4716 2280 4738 ‚
2336 4670 2517 4729 Multi
2566 4669 2832 4728 rhetores
2879 4686 2978 4728 uo-

377 4783 597 4833 cantur
638 4806 712 4816 —
762 4774 924 4847 quod
971 4776 1098 4833 uult
1140 4774 1517 4833 aduersario.
1609 4767 1936 4832 secundus
1992 4765 2382 4849 fasciculus,
2456 4766 2569 4852 qui
2634 4764 2760 4829 fuit
2823 4767 2978 4829 item

380 4869 840 4954 Schobingeri‚
882 4870 930 4933 f.
981 4873 1287 4952 57—60,
1338 4879 1470 4934 tres
1519 4869 1796 4935 schedas
1839 4868 2036 4934 habet
2079 4890 2165 4933 ex
2208 4868 2434 4933 codice
2479 4867 2692 4932 Persii
2737 4865 2980 4933 duode-
