3576 5595
1356 1158 2407 1255 PRAEEXERClTAMlNA.

1682 1381 2087 1389 ——-—-——-

697 1540 741 1582 p.
765 1527 875 1568 1³20.
908 1529 958 1570 30
983 1527 1028 1569 Ρ.
2780 1542 2818 1582 p.
2841 1530 2931 1570 423.
2954 1531 3004 1570 25
3027 1531 3083 1570 κ.

1648 1582 1745 1642 DE
1807 1583 2119 1643 FABVLA.

468 1729 490 1778 1
531 1726 558 1776 1
768 1717 984 1777 Fabula
1033 1724 1124 1776 est
1169 1715 1353 1776 oratio
1398 1720 1530 1777 ficta
1577 1716 1873 1777 verisimili
1920 1718 2305 1798 dispositione
2354 1718 2666 1796 imaginem
2712 1719 2992 1780 exhibens
3037 1719 3189 1780 veri-

592 1820 745 1881 tatis,
838 1815 969 1878 ideo
1012 1826 1206 1878 autem
1254 1817 1405 1878 hanc
1446 1818 1691 1898 primam
1742 1820 1972 1878 tradere
2027 1821 2226 1897 pueris
2285 1820 2473 1881 solent
2518 1829 2814 1894 oratoreS,
2873 1820 3005 1899 quia
3059 1821 3188 1881 ani-

593 1940 721 1984 mos
763 1940 964 1981 eorum
1010 1920 1201 1980 adhuc
1243 1919 1448 1980 molles
1491 1920 1560 1978 ad
1608 1919 1879 1980 meliores
1921 1921 2088 1980 facile
2129 1923 2249 1982 vias
2295 1922 2608 1982 instituunt
2652 1922 2815 1993 vitae.
2905 1924 2994 1983 usi
3045 1931 3234 1982 sunta

595 2034 787 2084 tamen
834 2042 901 2082 ea
947 2021 1325 2083 vetustissimi
1370 2014 1603 2099 qno‘que
1650 2030 1953 2095 auctores,
2007 2030 2070 2081 ut
2119 2022 2411 2084 Hesiodus
2453 2023 2835 2094 Archilochus
2870 2025 3186 2096 ‚HoratiuS,

592 2124 885 2185 Hesiodus
915 2123 1147 2203 quidem
1181 2123 1490 2195 lusciniae,
1523 2123 1908 2183 Archilochus
1947 2130 2139 2182 autem
2173 2125 2392 2203 vulpiS,
2422 2125 2699 2185 Horatius
2732 2126 2928 2185 muris.
2995 2126 3187 2185 nomi-

593 2235 810 2287 nantur
851 2235 1043 2285 autem
1090 2225 1161 2284 ab
1208 2224 1606 2285 inventoribus
1653 2224 1977 2285 fabularum
2027 2225 2171 2284 aliae
2206 2227 2481 2305 Cypriae,
2526 2225 2671 2286 aliae
2711 2226 2989 2304 Libycae,
3037 2227 3187 2286 aliae

591 2327 979 2406 Sybaritieae,
1052 2345 1257 2386 omnes
1303 2335 1494 2386 autem
1542 2326 1931 2386 communiter
1973 2327 2288 2405 Aesopiae,
2356 2328 2631 2405 quoniam
2679 2328 2735 2387 in
2795 2328 3185 2389 conventibus

520 2440 553 2487 ²
584 2431 933 2506 frequenter
975 2428 1201 2488 solebat.
1242 2431 1505 2506 Aesopus
1552 2426 1762 2487 sabulis
1809 2428 1908 2489 uti.
2000 2437 2058 2487 et
2101 2429 2354 2508 pertinet
2392 2430 2462 2488 ad
2504 2429 2649 2490 vitae
2687 2429 2697 2510 Ι
2742 2430 3078 2505 utilitatem,
3129 2437 3258 2488 etto

590 2532 656 2592 fit
696 2530 1056 2602 verisimili5‚
1125 2530 1173 2589 si
1226 2549 1321 2590 res
1368 2547 1518 2606 quae
1557 2530 1839 2591 subiectis
1886 2530 2162 2591 accidunt
2207 2531 2474 2609 personis
2521 2538 2654 2610 apte
2711 2530 3058 2603 reddantur,
3122 2539 3186 2591 ut

589 2639 728 2711 puta
777 2630 849 2690 de
893 2631 1327 2709 pulchritudine
1374 2630 1584 2707 aliquis
1631 2639 1846 2705 certat,
1919 2651 2065 2710 pavo
2118 2632 2212 2692 hic
2272 2641 2667 2711 supponatur:
2726 2640 2957 2711 oportet
3008 2631 3181 2692 alicui

590 2733 860 2794 astutiam
920 2732 1205 2806 tribuere,
1274 2733 1579 2813 vulpecula
1638 2742 1727 2793 est
1780 2733 2152 2794 subicienda:
2221 2735 2541 2795 imitatores
2597 2733 2820 2812 aliquos
2879 2733 3183 2792 hominum

589 2836 857 2896 volumus
903 2835 1214 2894 ostendere
1240 2881 1254 2906 ,
1302 2835 1396 2895 hic
1440 2835 1626 2895 simiis
1660 2843 1749 2894 est
1790 2836 1971 2896 locus.
2042 2845 2276 2915 oportet
2306 2836 2480 2913 igitur
2512 2837 2685 2896 modo
2717 2836 2971 2895 breviter
3005 2840 3182 2896 modo

589 2937 762 2998 latius
807 2956 906 2996 eas
952 2936 1261 2997 disserere.
1339 2936 1633 3014 quomodo
1675 2947 1868 2996 autem
1910 2937 2024 2996 hoc
2067 2936 2205 2996 liat?
2256 2938 2302 2996 si
2350 2957 2508 2997 nunc
2549 2938 2881 2998 narratione
2928 2937 3253 3016 simplicius

525 3047 556 3098 3
590 3041 990 3118 proferantur,
1046 3057 1204 3098 nunc
1236 3039 1408 3099 etiam
1442 3035 1468 3121 Η
1499 3056 1692 3098 sermo
1724 3038 1978 3099 inductis
2025 3041 2274 3116 fingatur
2314 3040 2605 3118 personis.
2683 3038 2930 3117 exempli
2984 3058 3182 3112 causa,

591 3141 819 3202 ‘simiae
858 3147 1255 3201 convenerunt
1300 3152 1357 3199 et
1402 3140 1710 3201 consilium
1754 3140 2047 3201 habebant
2092 3141 2165 3200 de
2210 3141 2353 3201 urbe
2398 3141 2732 3215 condenda,
2776 3150 2834 3201 et
2877 3141 3011 3218 quia
3057 3141 3186 3220 pla-

589 3242 709 3302 cuit
752 3242 895 3313 illis,
945 3252 1177 3320 paratae
1222 3249 1388 3302 erant
1432 3241 1690 3320 incipere
1735 3242 2255 3326 aedificationem..
2307 3242 2409 3302 sed
2468 3252 2631 3303 vetus
2689 3244 2842 3303 inter
2895 3262 2995 3303 eas
3041 3262 3186 3322 pro-

497 3324 505 3330 ·
589 3344 776 3404 hibuit
820 3344 891 3403 ab
934 3343 1168 3421 incepto
1211 3362 1310 3404 eas
1355 3344 1605 3416 docenS,
1673 3344 1829 3421 quod
1877 3343 2044 3403 facile
2091 3345 2420 3422 capiantur,
2489 3344 2537 3404 si
2582 3344 2732 3404 intra
2790 3362 2992 3404 muros
3038 3363 3184 3404 con-

588 3445 941 3506 cludantur'.
1032 3444 1118 3503 sic
1163 3444 1416 3505 breviter
1461 3445 1640 3505 dices.
1732 3444 1779 3505 si
1830 3444 1968 3503 velis
2015 3446 2371 3523 producere,
2436 3445 2553 3518 sic,
2615 3446 2842 3506 ‘simiae
2887 3465 3177 3506 convene·
3198 3460 3249 3501 20

585 3556 740 3608 runt.
831 3545 1290 3606 consiliabantur
1330 3547 1402 3606 de
1448 3546 1591 3606 urbe
1632 3545 1955 3619 condenda.
2047 3565 2290 3624 quarum
2338 3566 2451 3607 una
2499 3548 2557 3609 in
2614 3548 2869 3608 medium
2918 3547 3178 3621 venienS,
3233 3550 3264 3581 ⁸

586 3648 918 3710 contionata
966 3656 1085 3721 est,
1134 3647 1269 3725 quia
1307 3654 1537 3726 oportet
1583 3647 1742 3725 ipsas
1780 3665 2015 3725 quoque
2055 3648 2344 3708 civitatem
2398 3648 2632 3708 habere.
2718 3647 2949 3709 ‘videtis
2996 3648 3175 3708 enim’

586 3751 776 3812 aiebat
819 3751 999 3826 ‘quod
1049 3749 1309 3809 civitates
1353 3748 1623 3809 habendo
1664 3749 1930 3809 homines
1974 3750 2192 3809 habent
2238 3749 2408 3809 etiam
2449 3750 2653 3809 domos
2688 3749 2901 3827 singuli
2945 3759 3002 3810 et
3040 3764 3180 3809 con·

587 3854 805 3914 tionem
851 3851 1136 3917 universi,
1197 3857 1255 3910 et
1308 3851 1366 3909 in
1414 3851 1703 3910 theatrum
1758 3851 2146 3912 ascendentes
2192 3850 2482 3912 delectant
2532 3852 2758 3911 animos
2804 3851 3178 3930 spectationi-

519 3959 552 4006 4
587 3956 698 4016 bus
752 3962 812 4014 et
863 3952 1259 4014 auditionibus
1310 3952 1574 4012 variis.'’.
1655 3960 1712 4012 et
1768 3932 1853 4012 sic
1910 3954 2174 4031 proferes
2235 3953 2555 4034 orationem
2611 3952 2892 4012 morando
2953 3954 3247 4026 dicenS,2s

585 4056 741 4134 quod
785 4063 842 4115 et
884 4054 1253 4134 plebiscitum
1291 4054 1576 4133 scriptum
1623 4062 1743 4127 est,
1792 4062 1849 4113 et
1893 4055 2078 4130 tinges
2126 4054 2297 4114 etiam
2339 4055 2660 4115 orationem
2702 4055 2916 4115 veteris
2951 4054 3173 4115 simiae.
3247 4074 3254 4077 ·

585 4156 872 4237 expositio
917 4164 1110 4216 autem
1154 4155 1478 4216 fabularum
1525 4154 1644 4217 vult.
1688 4155 2130 4216 circuitionibus
2176 4174 2374 4217 carere
2421 4165 2478 4215 et
2522 4155 2828 4217 iucundior
2857 4176 3006 4217 esse.
3072 4157 3174 4217 sed

584 4260 770 4320 oratio
812 4277 924 4336 qua
972 4256 1188 4318 utilitas
1234 4256 1463 4316 fabulae
1507 4256 1818 4334 retegitur,
1887 4276 2060 4335 quam
2121 4258 2476 4338 epimythion
2537 4265 2776 4331 vocant,
2844 4258 2998 4335 quod
3064 4279 3174 4320 nos

727 4428 751 4477 1
794 4428 926 4478 iucif»
967 4441 1443 4478 eni-:cxsnmumm
1483 4440 1728 4477 pulsem!
1768 4442 2081 4477 nummum
2124 4427 2168 4475 P
2317 4430 2350 4477 4
2387 4426 2583 4478 animas
2623 4428 2732 4478 PV
2876 4428 2906 4475 7
2945 4427 3172 4493 quidem]

584 4514 783 4564 quoque
825 4498 870 4545 P
1030 4497 1211 4545 lucinio
1258 4496 1315 4543 V
1477 4495 1510 4544 9
1549 4496 1598 4543 in
1636 4497 2054 4546 conuenientibus
2092 4498 2136 4545 P
2171 4497 2390 4547 inuentis
2424 4497 2466 4545 Ιέ
2636 4499 2692 4545 12
2730 4498 2792 4545 de
2831 4497 3175 4563 pulcritudine

578 4569 727 4632 aquis
767 4567 933 4630 (corr.
973 4568 1107 4627 auis)
1141 4580 1275 4631 pauo
1324 4567 1377 4613 V
1510 4564 1629 4613 huic
1666 4565 1709 4613 H
1862 4565 1924 4615 13
1962 4580 2032 4614 est
2076 4584 2166 4618 om.
2203 4569 2252 4614 P
2394 4567 2454 4615 14
2493 4567 2668 4616 semiis
2707 4567 2817 4616 PV
2981 4566 3043 4617 16
3079 4569 3173 4617 fiu-

582 4635 756 4705 gatur]
796 4636 1043 4699 figuratur
1079 4638 1124 4685 P
1267 4635 1327 4684 17
1367 4635 1557 4683 semiae
1596 4634 1706 4683 ΙΨ
1842 4633 1982 4698 quia]
2025 4651 2123 4696 qua
2169 4638 2221 4684 V
2340 4635 2402 4685 10
2436 4637 2671 4701 incoepto
2709 4636 2753 4685 R
2880 4636 2948 4686 20
2984 4639 3172 4687 seuniae

583 4710 633 4756 P
674 4706 894 4755 saem'me
938 4704 990 4750 V
1125 4706 1183 4753 21
1227 4705 1276 4753 in
1312 4705 1477 4753 medio
1516 4706 1564 4753 P
1700 4703 1766 4753 23
1805 4705 2035 4767 singulas
2076 4708 2117 4753 Ιί
2156 4706 2386 4768 singulos
2433 4704 2521 4753 VS
2660 4707 2727 4756 25
2763 4706 2952 4755 docens
2988 4708 3033 4757 R

580 4776 649 4825 26
681 4774 817 4837 quod
852 4783 900 4821 et
956 4773 1301 4837 plebisscitum
1347 4787 1381 4828 ς
1445 4774 1579 4836 quod
1617 4788 1645 4820 a
1692 4774 2037 4838 plebisscitum
2087 4775 2278 4822 ΡΙΗᾉΙ
2335 4764 2422 4821 ὅτι
2469 4769 2566 4821 καὶ
2612 4767 2672 4823 τὸ
2733 4768 3000 4839 ψήφισμα
3058 4769 3168 4840 ἑγέ·

579 4854 796 4909 γραπτο
832 4841 863 4888 Ie
1001 4844 1188 4891 semiue
1234 4845 1284 4890 V
1418 4845 1482 4891 27
1520 4840 1648 4907 vult]
1690 4843 1770 4891 uel
1810 4844 1852 4893 S
1968 4843 2036 4892 28
2072 4843 2322 4908 detegitur
2360 4844 2410 4891 P
2560 4842 2718 4909 quod]
2758 4860 2907 4906 quam
2942 4849 2991 4897 P
