<?xml version="1.0" encoding="UTF-8"?>
<!DOCTYPE html PUBLIC "-//W3C//DTD XHTML 1.0 Transitional//EN"
    "http://www.w3.org/TR/xhtml1/DTD/xhtml1-transitional.dtd">
<html xmlns="http://www.w3.org/1999/xhtml" xml:lang="en" lang="en">
 <head>
  <title>
</title>
<meta http-equiv="Content-Type" content="text/html;charset=utf-8" />
  <meta name='ocr-system' content='tesseract 3.04.00' />
  <meta name='ocr-capabilities' content='ocr_page ocr_carea ocr_par ocr_line ocrx_word'/>
</head>
<body>
  <div class='ocr_page' id='page_1' title='image "./grammaticilatin06hagagoog_0476.png"; bbox 0 0 3576 5595; ppageno 0'>
   <div class='ocr_carea' id='block_1_1' title="bbox 525 382 2012 446">
    <p class='ocr_par' dir='ltr' id='par_1_1' title="bbox 525 382 2012 446">
     <span class='ocr_line' id='line_1_1' title="bbox 525 382 2012 446; baseline -0.002 -1"><span class='ocrx_word' id='word_1_1' title='bbox 525 385 652 446; x_wconf 79' lang='lat'><strong>450</strong></span> <span class='ocrx_word' id='word_1_2' title='bbox 1641 382 2012 443; x_wconf 74' lang='lat' dir='ltr'><strong>PlusctANt</strong></span> 
     </span>
    </p>
   </div>
   <div class='ocr_carea' id='block_1_2' title="bbox 526 498 3121 645">
    <p class='ocr_par' dir='ltr' id='par_1_2' title="bbox 526 498 3121 645">
     <span class='ocr_line' id='line_1_2' title="bbox 626 498 3017 553; baseline 0 -13"><span class='ocrx_word' id='word_1_3' title='bbox 626 514 670 553; x_wconf 86' lang='lat' dir='ltr'><strong>p.</strong></span> <span class='ocrx_word' id='word_1_4' title='bbox 693 499 889 540; x_wconf 73' lang='lat' dir='ltr'><strong>1³09—ll</strong></span> <span class='ocrx_word' id='word_1_5' title='bbox 915 499 962 539; x_wconf 82' lang='lat' dir='ltr'><strong>P.</strong></span> <span class='ocrx_word' id='word_1_6' title='bbox 2714 511 2758 550; x_wconf 80' lang='lat' dir='ltr'><strong>p.</strong></span> <span class='ocrx_word' id='word_1_7' title='bbox 2780 498 2869 539; x_wconf 75' lang='lat'><strong>⁴70.</strong></span> <span class='ocrx_word' id='word_1_8' title='bbox 2894 499 2937 538; x_wconf 82' lang='lat'><strong>71</strong></span> <span class='ocrx_word' id='word_1_9' title='bbox 2964 499 3017 540; x_wconf 82' lang='grc' dir='ltr'><strong>Κ.</strong></span> 
     </span>
     <span class='ocr_line' id='line_1_3' title="bbox 526 568 3121 645; baseline -0.001 -13"><span class='ocrx_word' id='word_1_10' title='bbox 526 571 676 632; x_wconf 87' lang='lat' dir='ltr'><strong>alius</strong></span> <span class='ocrx_word' id='word_1_11' title='bbox 724 571 854 643; x_wconf 91' lang='lat' dir='ltr'><strong>alii,</strong></span> <span class='ocrx_word' id='word_1_12' title='bbox 910 578 1039 630; x_wconf 89' lang='lat' dir='ltr'><strong>uter</strong></span> <span class='ocrx_word' id='word_1_13' title='bbox 1085 579 1213 629; x_wconf 89' lang='lat' dir='ltr'><strong>utra</strong></span> <span class='ocrx_word' id='word_1_14' title='bbox 1261 578 1454 629; x_wconf 90' lang='lat' dir='ltr'><strong>utrum</strong></span> <span class='ocrx_word' id='word_1_15' title='bbox 1501 569 1691 629; x_wconf 89' lang='lat' dir='ltr'><strong>utrius</strong></span> <span class='ocrx_word' id='word_1_16' title='bbox 1736 569 1886 640; x_wconf 91' lang='lat' dir='ltr'><strong>utri,</strong></span> <span class='ocrx_word' id='word_1_17' title='bbox 1942 569 2090 630; x_wconf 89' lang='lat' dir='ltr'><strong>alter</strong></span> <span class='ocrx_word' id='word_1_18' title='bbox 2132 568 2313 629; x_wconf 89' lang='lat' dir='ltr'><strong>altera</strong></span> <span class='ocrx_word' id='word_1_19' title='bbox 2360 568 2604 630; x_wconf 89' lang='lat' dir='ltr'><strong>alterum</strong></span> <span class='ocrx_word' id='word_1_20' title='bbox 2651 569 2891 645; x_wconf 79' lang='lat' dir='ltr'><strong>alterius</strong></span> <span class='ocrx_word' id='word_1_21' title='bbox 2937 570 3121 630; x_wconf 87' lang='lat' dir='ltr'><strong>alteri.</strong></span> 
     </span>
    </p>
   </div>
   <div class='ocr_carea' id='block_1_3' title="bbox 364 670 3199 4508">
    <p class='ocr_par' dir='ltr' id='par_1_3' title="bbox 530 670 3127 750">
     <span class='ocr_line' id='line_1_4' title="bbox 530 670 3127 750; baseline 0 -18"><span class='ocrx_word' id='word_1_22' title='bbox 530 673 797 734; x_wconf 90' lang='lat' dir='ltr'><strong>similiter</strong></span> <span class='ocrx_word' id='word_1_23' title='bbox 834 672 1203 731; x_wconf 89' lang='lat' dir='ltr'><strong>declinantur</strong></span> <span class='ocrx_word' id='word_1_24' title='bbox 1245 687 1648 748; x_wconf 80' lang='lat' dir='ltr'><strong>quaecumque</strong></span> <span class='ocrx_word' id='word_1_25' title='bbox 1695 690 1762 729; x_wconf 82' lang='lat' dir='ltr'><strong>ex</strong></span> <span class='ocrx_word' id='word_1_26' title='bbox 1801 670 1892 730; x_wconf 89' lang='lat' dir='ltr'><strong>his</strong></span> <span class='ocrx_word' id='word_1_27' title='bbox 1940 678 2390 750; x_wconf 83' lang='lat' dir='ltr'><strong>componuntur.</strong></span> <span class='ocrx_word' id='word_1_28' title='bbox 2460 670 2747 750; x_wconf 76' lang='lat' dir='ltr'><strong>excipitur</strong></span> <span class='ocrx_word' id='word_1_29' title='bbox 2784 671 2880 731; x_wconf 83' lang='lat' dir='ltr'><strong>liic</strong></span> <span class='ocrx_word' id='word_1_30' title='bbox 2920 681 3127 732; x_wconf 91' lang='lat' dir='ltr'><strong>neuter</strong></span> 
     </span>
    </p>

    <p class='ocr_par' dir='ltr' id='par_1_4' title="bbox 431 771 3194 1054">
     <span class='ocr_line' id='line_1_5' title="bbox 431 771 3124 851; baseline 0 -19"><span class='ocrx_word' id='word_1_31' title='bbox 431 781 499 832; x_wconf 80' lang='lat'><strong>36</strong></span> <span class='ocrx_word' id='word_1_32' title='bbox 532 774 707 836; x_wconf 86' lang='lat' dir='ltr'><strong>buius</strong></span> <span class='ocrx_word' id='word_1_33' title='bbox 767 773 992 846; x_wconf 86' lang='lat' dir='ltr'><strong>neutri;</strong></span> <span class='ocrx_word' id='word_1_34' title='bbox 1056 771 1432 833; x_wconf 83' lang='lat' dir='ltr'><strong>vetustissimi</strong></span> <span class='ocrx_word' id='word_1_35' title='bbox 1482 781 1673 831; x_wconf 89' lang='lat' dir='ltr'><strong>tamen</strong></span> <span class='ocrx_word' id='word_1_36' title='bbox 1729 782 1786 831; x_wconf 80' lang='lat' dir='ltr'><strong>et</strong></span> <span class='ocrx_word' id='word_1_37' title='bbox 1835 772 2100 832; x_wconf 79' lang='lat' dir='ltr'><strong>neutrius</strong></span> <span class='ocrx_word' id='word_1_38' title='bbox 2146 771 2462 851; x_wconf 86' lang='lat' dir='ltr'><strong>protulisse</strong></span> <span class='ocrx_word' id='word_1_39' title='bbox 2508 772 2900 833; x_wconf 87' lang='lat' dir='ltr'><strong>inveniuntur.</strong></span> <span class='ocrx_word' id='word_1_40' title='bbox 2993 774 3124 851; x_wconf 90' lang='lat' dir='ltr'><strong>quis</strong></span> 
     </span>
     <span class='ocr_line' id='line_1_6' title="bbox 532 872 3123 953; baseline -0 -17"><span class='ocrx_word' id='word_1_41' title='bbox 532 876 620 936; x_wconf 88' lang='lat' dir='ltr'><strong>vel</strong></span> <span class='ocrx_word' id='word_1_42' title='bbox 663 875 760 953; x_wconf 90' lang='lat' dir='ltr'><strong>qui</strong></span> <span class='ocrx_word' id='word_1_43' title='bbox 795 876 1192 936; x_wconf 79' lang='lat' dir='ltr'>accusativum</span> <span class='ocrx_word' id='word_1_44' title='bbox 1231 875 1288 935; x_wconf 90' lang='lat' dir='ltr'><strong>iu</strong></span> <span class='ocrx_word' id='word_1_45' title='bbox 1321 892 1412 933; x_wconf 87' lang='lat' dir='ltr'><strong>em</strong></span> <span class='ocrx_word' id='word_1_46' title='bbox 1444 872 1755 945; x_wconf 76' lang='lat' dir='ltr'><strong>terminat,</strong></span> <span class='ocrx_word' id='word_1_47' title='bbox 1803 881 1866 933; x_wconf 87' lang='lat' dir='ltr'><strong>ut</strong></span> <span class='ocrx_word' id='word_1_48' title='bbox 1908 891 2112 951; x_wconf 86' lang='lat' dir='ltr'><strong>quem,</strong></span> <span class='ocrx_word' id='word_1_49' title='bbox 2155 881 2212 932; x_wconf 89' lang='lat' dir='ltr'><strong>et</strong></span> <span class='ocrx_word' id='word_1_50' title='bbox 2250 872 2562 934; x_wconf 72' lang='lat' dir='ltr'>ablativum</span> <span class='ocrx_word' id='word_1_51' title='bbox 2605 882 2721 935; x_wconf 89' lang='lat' dir='ltr'><strong>tam</strong></span> <span class='ocrx_word' id='word_1_52' title='bbox 2766 875 2823 936; x_wconf 91' lang='lat' dir='ltr'><strong>in</strong></span> <span class='ocrx_word' id='word_1_53' title='bbox 2871 896 2906 935; x_wconf 93' lang='lat' dir='ltr'><strong>o</strong></span> <span class='ocrx_word' id='word_1_54' title='bbox 2948 894 3123 953; x_wconf 82' lang='lat' dir='ltr'><strong>quam</strong></span> 
     </span>
     <span class='ocr_line' id='line_1_7' title="bbox 530 974 3194 1054; baseline 0.002 -18"><span class='ocrx_word' id='word_1_55' title='bbox 530 978 590 1038; x_wconf 89' lang='lat' dir='ltr'><strong>in</strong></span> <span class='ocrx_word' id='word_1_56' title='bbox 636 978 685 1050; x_wconf 93' lang='lat' dir='ltr'><strong>i,</strong></span> <span class='ocrx_word' id='word_1_57' title='bbox 722 985 788 1037; x_wconf 88' lang='lat' dir='ltr'><strong>ut</strong></span> <span class='ocrx_word' id='word_1_58' title='bbox 832 995 864 1035; x_wconf 93' lang='lat' dir='ltr'><strong>a</strong></span> <span class='ocrx_word' id='word_1_59' title='bbox 909 995 1023 1054; x_wconf 86' lang='lat' dir='ltr'><strong>quo</strong></span> <span class='ocrx_word' id='word_1_60' title='bbox 1064 976 1150 1036; x_wconf 90' lang='lat' dir='ltr'><strong>vel</strong></span> <span class='ocrx_word' id='word_1_61' title='bbox 1191 996 1218 1035; x_wconf 87' lang='lat' dir='ltr'><strong>a</strong></span> <span class='ocrx_word' id='word_1_62' title='bbox 1266 975 1395 1053; x_wconf 84' lang='lat' dir='ltr'><strong>qui,</strong></span> <span class='ocrx_word' id='word_1_63' title='bbox 1445 984 1499 1033; x_wconf 85' lang='lat' dir='ltr'><strong>et</strong></span> <span class='ocrx_word' id='word_1_64' title='bbox 1547 974 1804 1034; x_wconf 89' lang='lat' dir='ltr'><strong>dativum</strong></span> <span class='ocrx_word' id='word_1_65' title='bbox 1837 983 1896 1034; x_wconf 90' lang='lat' dir='ltr'><strong>ct</strong></span> <span class='ocrx_word' id='word_1_66' title='bbox 1935 974 2246 1035; x_wconf 76' lang='lat' dir='ltr'>ablativum</span> <span class='ocrx_word' id='word_1_67' title='bbox 2295 974 2578 1053; x_wconf 77' lang='lat' dir='ltr'><strong>pluralem</strong></span> <span class='ocrx_word' id='word_1_68' title='bbox 2613 977 2819 1037; x_wconf 88' lang='lat' dir='ltr'><strong>tamin</strong></span> <span class='ocrx_word' id='word_1_69' title='bbox 2868 978 2918 1036; x_wconf 90' lang='lat' dir='ltr'><strong>is</strong></span> <span class='ocrx_word' id='word_1_70' title='bbox 2947 995 3120 1054; x_wconf 87' lang='lat' dir='ltr'><strong>quam</strong></span> <span class='ocrx_word' id='word_1_71' title='bbox 3168 1004 3194 1042; x_wconf 75' lang='grc' dir='ltr'><strong>ε»</strong></span> 
     </span>
    </p>

    <p class='ocr_par' dir='ltr' id='par_1_5' title="bbox 431 1057 3196 1667">
     <span class='ocr_line' id='line_1_8' title="bbox 431 1057 3127 1155; baseline -0 -16"><span class='ocrx_word' id='word_1_72' title='bbox 431 1082 497 1134; x_wconf 84' lang='grc'><strong>37</strong></span> <span class='ocrx_word' id='word_1_73' title='bbox 535 1080 592 1139; x_wconf 92' lang='lat' dir='ltr'><strong>in</strong></span> <span class='ocrx_word' id='word_1_74' title='bbox 638 1079 778 1151; x_wconf 85' lang='lat' dir='ltr'><strong>bus,</strong></span> <span class='ocrx_word' id='word_1_75' title='bbox 828 1088 890 1138; x_wconf 93' lang='lat' dir='ltr'><strong>ut</strong></span> <span class='ocrx_word' id='word_1_76' title='bbox 934 1097 966 1138; x_wconf 90' lang='lat' dir='ltr'><strong>a</strong></span> <span class='ocrx_word' id='word_1_77' title='bbox 1012 1078 1144 1155; x_wconf 91' lang='lat' dir='ltr'><strong>quis</strong></span> <span class='ocrx_word' id='word_1_78' title='bbox 1191 1075 1274 1136; x_wconf 88' lang='lat' dir='ltr'><strong>vel</strong></span> <span class='ocrx_word' id='word_1_79' title='bbox 1326 1095 1358 1136; x_wconf 91' lang='lat' dir='ltr'><strong>a</strong></span> <span class='ocrx_word' id='word_1_80' title='bbox 1402 1076 1633 1154; x_wconf 79' lang='lat' dir='ltr'><strong>quibuS.</strong></span> <span class='ocrx_word' id='word_1_81' title='bbox 1725 1057 1977 1153; x_wconf 81' lang='lat' dir='ltr'><strong>quidam</strong></span> <span class='ocrx_word' id='word_1_82' title='bbox 2005 1084 2199 1136; x_wconf 87' lang='lat' dir='ltr'><strong>tamen</strong></span> <span class='ocrx_word' id='word_1_83' title='bbox 2247 1077 2437 1137; x_wconf 89' lang='lat' dir='ltr'><strong>omnia</strong></span> <span class='ocrx_word' id='word_1_84' title='bbox 2478 1073 2697 1137; x_wconf 64' lang='lat' dir='ltr'><strong>inunita</strong></span> <span class='ocrx_word' id='word_1_85' title='bbox 2748 1077 2833 1137; x_wconf 88' lang='lat' dir='ltr'><strong>vel</strong></span> <span class='ocrx_word' id='word_1_86' title='bbox 2880 1079 3127 1139; x_wconf 87' lang='lat' dir='ltr'><strong>interro·</strong></span> 
     </span>
     <span class='ocr_line' id='line_1_9' title="bbox 533 1152 3121 1258; baseline -0.001 -17"><span class='ocrx_word' id='word_1_87' title='bbox 533 1181 718 1258; x_wconf 83' lang='lat' dir='ltr'><strong>gativa</strong></span> <span class='ocrx_word' id='word_1_88' title='bbox 766 1179 849 1239; x_wconf 88' lang='lat' dir='ltr'><strong>vel</strong></span> <span class='ocrx_word' id='word_1_89' title='bbox 898 1178 1129 1239; x_wconf 82' lang='lat' dir='ltr'><strong>relativa</strong></span> <span class='ocrx_word' id='word_1_90' title='bbox 1179 1177 1262 1238; x_wconf 90' lang='lat' dir='ltr'><strong>vel</strong></span> <span class='ocrx_word' id='word_1_91' title='bbox 1311 1178 1587 1237; x_wconf 73' lang='lat' dir='ltr'><strong>redditiva</strong></span> <span class='ocrx_word' id='word_1_92' title='bbox 1636 1152 1998 1238; x_wconf 68' lang='lat' dir='ltr'><strong>substantiae</strong></span> <span class='ocrx_word' id='word_1_93' title='bbox 2045 1177 2130 1237; x_wconf 81' lang='lat' dir='ltr'><strong>vel</strong></span> <span class='ocrx_word' id='word_1_94' title='bbox 2178 1179 2519 1255; x_wconf 76' lang='lat' dir='ltr'><strong>quantitatis</strong></span> <span class='ocrx_word' id='word_1_95' title='bbox 2561 1178 2648 1239; x_wconf 84' lang='lat' dir='ltr'><strong>vel</strong></span> <span class='ocrx_word' id='word_1_96' title='bbox 2696 1179 2991 1257; x_wconf 79' lang='lat' dir='ltr'><strong>qualitatis</strong></span> <span class='ocrx_word' id='word_1_97' title='bbox 3039 1179 3121 1238; x_wconf 84' lang='lat' dir='ltr'><strong>vel</strong></span> 
     </span>
     <span class='ocr_line' id='line_1_10' title="bbox 533 1279 3123 1362; baseline 0 -20"><span class='ocrx_word' id='word_1_98' title='bbox 533 1280 760 1343; x_wconf 85' lang='lat' dir='ltr'><strong>numeri</strong></span> <span class='ocrx_word' id='word_1_99' title='bbox 808 1279 1186 1356; x_wconf 81' lang='lat' dir='ltr'><strong>significativa</strong></span> <span class='ocrx_word' id='word_1_100' title='bbox 1235 1281 1580 1358; x_wconf 85' lang='lat' dir='ltr'><strong>pronomina</strong></span> <span class='ocrx_word' id='word_1_101' title='bbox 1627 1301 1759 1341; x_wconf 85' lang='lat' dir='ltr'><strong>esse</strong></span> <span class='ocrx_word' id='word_1_102' title='bbox 1816 1287 2195 1359; x_wconf 89' lang='lat' dir='ltr'><strong>putaverunt,</strong></span> <span class='ocrx_word' id='word_1_103' title='bbox 2243 1289 2305 1340; x_wconf 94' lang='lat' dir='ltr'><strong>ut</strong></span> <span class='ocrx_word' id='word_1_104' title='bbox 2348 1280 2479 1357; x_wconf 88' lang='lat' dir='ltr'><strong>quis</strong></span> <span class='ocrx_word' id='word_1_105' title='bbox 2519 1281 2648 1359; x_wconf 87' lang='lat' dir='ltr'><strong>qui,</strong></span> <span class='ocrx_word' id='word_1_106' title='bbox 2706 1282 2929 1362; x_wconf 64' lang='lat' dir='ltr'><strong>quadis</strong></span> <span class='ocrx_word' id='word_1_107' title='bbox 2972 1282 3123 1354; x_wconf 77' lang='lat' dir='ltr'><strong>tatis,</strong></span> 
     </span>
     <span class='ocr_line' id='line_1_11' title="bbox 533 1379 3123 1462; baseline 0 -20"><span class='ocrx_word' id='word_1_108' title='bbox 533 1391 786 1462; x_wconf 88' lang='lat' dir='ltr'><strong>quantus</strong></span> <span class='ocrx_word' id='word_1_109' title='bbox 824 1390 1051 1450; x_wconf 74' lang='lat' dir='ltr'><strong>tantuS,</strong></span> <span class='ocrx_word' id='word_1_110' title='bbox 1097 1389 1238 1458; x_wconf 89' lang='lat' dir='ltr'><strong>quot</strong></span> <span class='ocrx_word' id='word_1_111' title='bbox 1281 1388 1401 1454; x_wconf 89' lang='lat' dir='ltr'><strong>tot,</strong></span> <span class='ocrx_word' id='word_1_112' title='bbox 1449 1390 1507 1440; x_wconf 91' lang='lat' dir='ltr'><strong>et</strong></span> <span class='ocrx_word' id='word_1_113' title='bbox 1543 1400 1692 1459; x_wconf 86' lang='lat' dir='ltr'><strong>quae</strong></span> <span class='ocrx_word' id='word_1_114' title='bbox 1740 1401 1809 1441; x_wconf 81' lang='lat' dir='ltr'><strong>ex</strong></span> <span class='ocrx_word' id='word_1_115' title='bbox 1847 1381 1937 1442; x_wconf 85' lang='lat' dir='ltr'><strong>bis</strong></span> <span class='ocrx_word' id='word_1_116' title='bbox 1984 1379 2305 1461; x_wconf 87' lang='lat' dir='ltr'><strong>composita</strong></span> <span class='ocrx_word' id='word_1_117' title='bbox 2352 1389 2491 1442; x_wconf 90' lang='lat' dir='ltr'><strong>sunt</strong></span> <span class='ocrx_word' id='word_1_118' title='bbox 2530 1401 2631 1443; x_wconf 86' lang='lat' dir='ltr'><strong>seu</strong></span> <span class='ocrx_word' id='word_1_119' title='bbox 2679 1383 2953 1443; x_wconf 86' lang='lat' dir='ltr'><strong>derivata.</strong></span> <span class='ocrx_word' id='word_1_120' title='bbox 3020 1384 3123 1442; x_wconf 87' lang='lat' dir='ltr'><strong>sed</strong></span> 
     </span>
     <span class='ocr_line' id='line_1_12' title="bbox 535 1481 3196 1566; baseline -0.001 -20"><span class='ocrx_word' id='word_1_121' title='bbox 535 1485 880 1566; x_wconf 83' lang='lat' dir='ltr'><strong>pronomina</strong></span> <span class='ocrx_word' id='word_1_122' title='bbox 916 1502 1049 1543; x_wconf 87' lang='lat' dir='ltr'><strong>esse</strong></span> <span class='ocrx_word' id='word_1_123' title='bbox 1090 1501 1207 1542; x_wconf 89' lang='lat' dir='ltr'><strong>non</strong></span> <span class='ocrx_word' id='word_1_124' title='bbox 1253 1491 1534 1561; x_wconf 78' lang='lat' dir='ltr'><strong>possunt,</strong></span> <span class='ocrx_word' id='word_1_125' title='bbox 1582 1482 1715 1560; x_wconf 89' lang='lat' dir='ltr'><strong>quia</strong></span> <span class='ocrx_word' id='word_1_126' title='bbox 1753 1481 1945 1543; x_wconf 85' lang='lat' dir='ltr'><strong>linitas</strong></span> <span class='ocrx_word' id='word_1_127' title='bbox 1990 1502 2273 1562; x_wconf 85' lang='lat' dir='ltr'><strong>personas</strong></span> <span class='ocrx_word' id='word_1_128' title='bbox 2319 1502 2436 1543; x_wconf 90' lang='lat' dir='ltr'><strong>non</strong></span> <span class='ocrx_word' id='word_1_129' title='bbox 2482 1483 2738 1558; x_wconf 85' lang='lat' dir='ltr'><strong>habent,</strong></span> <span class='ocrx_word' id='word_1_130' title='bbox 2785 1484 2941 1561; x_wconf 89' lang='lat' dir='ltr'><strong>quod</strong></span> <span class='ocrx_word' id='word_1_131' title='bbox 2987 1504 3121 1564; x_wconf 91' lang='lat' dir='ltr'><strong>pro·</strong></span> <span class='ocrx_word' id='word_1_132' title='bbox 3148 1506 3196 1545; x_wconf 87' lang='grc' dir='ltr'><strong>ιο</strong></span> 
     </span>
     <span class='ocr_line' id='line_1_13' title="bbox 536 1583 1997 1667; baseline -0.003 -19"><span class='ocrx_word' id='word_1_133' title='bbox 536 1587 730 1667; x_wconf 89' lang='lat' dir='ltr'><strong>prium</strong></span> <span class='ocrx_word' id='word_1_134' title='bbox 773 1595 863 1645; x_wconf 90' lang='lat' dir='ltr'><strong>est</strong></span> <span class='ocrx_word' id='word_1_135' title='bbox 903 1583 1269 1665; x_wconf 85' lang='lat' dir='ltr'><strong>pronominis</strong></span> <span class='ocrx_word' id='word_1_136' title='bbox 1316 1602 1448 1645; x_wconf 89' lang='lat' dir='ltr'><strong>cum</strong></span> <span class='ocrx_word' id='word_1_137' title='bbox 1495 1604 1635 1645; x_wconf 90' lang='lat' dir='ltr'><strong>casu</strong></span> <span class='ocrx_word' id='word_1_138' title='bbox 1682 1584 1997 1645; x_wconf 88' lang='lat' dir='ltr'><strong>coniuncti.</strong></span> 
     </span>
    </p>

    <p class='ocr_par' dir='ltr' id='par_1_6' title="bbox 364 1685 3195 2375">
     <span class='ocr_line' id='line_1_14' title="bbox 364 1685 3129 1763; baseline 0.001 -17"><span class='ocrx_word' id='word_1_139' title='bbox 364 1696 526 1747; x_wconf 84' lang='grc'>11138</span> <span class='ocrx_word' id='word_1_140' title='bbox 710 1688 918 1748; x_wconf 89' lang='lat' dir='ltr'><strong>Omnia</strong></span> <span class='ocrx_word' id='word_1_141' title='bbox 972 1686 1174 1759; x_wconf 84' lang='lat' dir='ltr'><strong>verba,</strong></span> <span class='ocrx_word' id='word_1_142' title='bbox 1237 1704 1387 1763; x_wconf 89' lang='lat' dir='ltr'><strong>quae</strong></span> <span class='ocrx_word' id='word_1_143' title='bbox 1445 1686 1767 1746; x_wconf 89' lang='lat' dir='ltr'><strong>secundum</strong></span> <span class='ocrx_word' id='word_1_144' title='bbox 1813 1685 2138 1763; x_wconf 82' lang='lat' dir='ltr'><strong>analogiam</strong></span> <span class='ocrx_word' id='word_1_145' title='bbox 2185 1685 2585 1759; x_wconf 84' lang='lat' dir='ltr'><strong>declinantur,</strong></span> <span class='ocrx_word' id='word_1_146' title='bbox 2642 1687 2701 1747; x_wconf 91' lang='lat' dir='ltr'><strong>in</strong></span> <span class='ocrx_word' id='word_1_147' title='bbox 2747 1709 2782 1748; x_wconf 92' lang='lat' dir='ltr'><strong>o</strong></span> <span class='ocrx_word' id='word_1_148' title='bbox 2829 1688 2913 1748; x_wconf 83' lang='lat' dir='ltr'><strong>vel</strong></span> <span class='ocrx_word' id='word_1_149' title='bbox 2961 1688 3019 1749; x_wconf 93' lang='lat' dir='ltr'><strong>in</strong></span> <span class='ocrx_word' id='word_1_150' title='bbox 3060 1707 3129 1748; x_wconf 89' lang='lat' dir='ltr'><strong>or</strong></span> 
     </span>
     <span class='ocr_line' id='line_1_15' title="bbox 536 1783 3125 1869; baseline 0 -19"><span class='ocrx_word' id='word_1_151' title='bbox 536 1791 812 1851; x_wconf 89' lang='lat' dir='ltr'><strong>desinunt</strong></span> <span class='ocrx_word' id='word_1_152' title='bbox 882 1797 940 1848; x_wconf 92' lang='lat' dir='ltr'><strong>et</strong></span> <span class='ocrx_word' id='word_1_153' title='bbox 994 1788 1214 1848; x_wconf 87' lang='lat' dir='ltr'><strong>habent</strong></span> <span class='ocrx_word' id='word_1_154' title='bbox 1268 1783 1726 1869; x_wconf 74' lang='lat' dir='ltr'><strong>coniugaltiones</strong></span> <span class='ocrx_word' id='word_1_155' title='bbox 1785 1795 2076 1864; x_wconf 89' lang='lat' dir='ltr'><strong>quattuor.</strong></span> <span class='ocrx_word' id='word_1_156' title='bbox 2170 1788 2353 1865; x_wconf 89' lang='lat' dir='ltr'><strong>prima</strong></span> <span class='ocrx_word' id='word_1_157' title='bbox 2410 1789 2587 1865; x_wconf 79' lang='lat' dir='ltr'><strong>igitur</strong></span> <span class='ocrx_word' id='word_1_158' title='bbox 2628 1798 2716 1850; x_wconf 85' lang='lat' dir='ltr'><strong>est</strong></span> <span class='ocrx_word' id='word_1_159' title='bbox 2773 1789 3125 1867; x_wconf 85' lang='lat' dir='ltr'><strong>coniugatio,</strong></span> 
     </span>
     <span class='ocr_line' id='line_1_16' title="bbox 536 1889 3127 1971; baseline -0.001 -19"><span class='ocrx_word' id='word_1_160' title='bbox 536 1893 704 1953; x_wconf 88' lang='lat' dir='ltr'><strong>cuius</strong></span> <span class='ocrx_word' id='word_1_161' title='bbox 755 1891 940 1971; x_wconf 90' lang='lat' dir='ltr'><strong>prima</strong></span> <span class='ocrx_word' id='word_1_162' title='bbox 997 1909 1250 1969; x_wconf 88' lang='lat' dir='ltr'><strong>persona</strong></span> <span class='ocrx_word' id='word_1_163' title='bbox 1303 1889 1361 1948; x_wconf 90' lang='lat' dir='ltr'><strong>in</strong></span> <span class='ocrx_word' id='word_1_164' title='bbox 1418 1909 1452 1949; x_wconf 98' lang='lat' dir='ltr'><strong>o</strong></span> <span class='ocrx_word' id='word_1_165' title='bbox 1499 1890 1777 1949; x_wconf 87' lang='lat' dir='ltr'><strong>desinens</strong></span> <span class='ocrx_word' id='word_1_166' title='bbox 1833 1896 2017 1948; x_wconf 90' lang='lat' dir='ltr'><strong>mutat</strong></span> <span class='ocrx_word' id='word_1_167' title='bbox 2074 1907 2201 1947; x_wconf 88' lang='lat' dir='ltr'><strong>eam</strong></span> <span class='ocrx_word' id='word_1_168' title='bbox 2248 1889 2308 1949; x_wconf 91' lang='lat' dir='ltr'><strong>in</strong></span> <span class='ocrx_word' id='word_1_169' title='bbox 2354 1910 2419 1951; x_wconf 90' lang='lat' dir='ltr'><strong>as</strong></span> <span class='ocrx_word' id='word_1_170' title='bbox 2472 1891 2813 1970; x_wconf 89' lang='lat' dir='ltr'><strong>productam</strong></span> <span class='ocrx_word' id='word_1_171' title='bbox 2875 1900 2933 1951; x_wconf 90' lang='lat' dir='ltr'><strong>et</strong></span> <span class='ocrx_word' id='word_1_172' title='bbox 2992 1892 3127 1952; x_wconf 74' lang='lat' dir='ltr'><strong>t&#39;acit</strong></span> 
     </span>
     <span class='ocr_line' id='line_1_17' title="bbox 536 1989 3195 2073; baseline -0.001 -18"><span class='ocrx_word' id='word_1_173' title='bbox 536 1992 884 2064; x_wconf 86' lang='lat' dir='ltr'><strong>secundam,</strong></span> <span class='ocrx_word' id='word_1_174' title='bbox 943 2001 1005 2051; x_wconf 90' lang='lat' dir='ltr'><strong>ut</strong></span> <span class='ocrx_word' id='word_1_175' title='bbox 1052 2010 1183 2052; x_wconf 89' lang='lat' dir='ltr'><strong>amo</strong></span> <span class='ocrx_word' id='word_1_176' title='bbox 1241 2010 1423 2050; x_wconf 85' lang='lat' dir='ltr'><strong>amas.</strong></span> <span class='ocrx_word' id='word_1_177' title='bbox 1514 1991 1773 2051; x_wconf 85' lang='lat' dir='ltr'><strong>secunda</strong></span> <span class='ocrx_word' id='word_1_178' title='bbox 1830 2009 1964 2050; x_wconf 82' lang='lat' dir='ltr'><strong>vero</strong></span> <span class='ocrx_word' id='word_1_179' title='bbox 2025 1989 2356 2068; x_wconf 83' lang='lat' dir='ltr'><strong>coniugatio</strong></span> <span class='ocrx_word' id='word_1_180' title='bbox 2403 2001 2524 2065; x_wconf 88' lang='lat' dir='ltr'><strong>est,</strong></span> <span class='ocrx_word' id='word_1_181' title='bbox 2584 2011 2733 2070; x_wconf 89' lang='lat' dir='ltr'><strong>quae</strong></span> <span class='ocrx_word' id='word_1_182' title='bbox 2790 2012 2858 2053; x_wconf 88' lang='lat' dir='ltr'><strong>eo</strong></span> <span class='ocrx_word' id='word_1_183' title='bbox 2904 1994 3124 2073; x_wconf 87' lang='lat' dir='ltr'><strong>primae</strong></span> <span class='ocrx_word' id='word_1_184' title='bbox 3149 2015 3195 2054; x_wconf 74' lang='lat' dir='ltr'><strong>is</strong></span> 
     </span>
     <span class='ocr_line' id='line_1_18' title="bbox 535 2091 3125 2174; baseline 0 -20"><span class='ocrx_word' id='word_1_185' title='bbox 535 2111 824 2174; x_wconf 84' lang='lat' dir='ltr'><strong>personae</strong></span> <span class='ocrx_word' id='word_1_186' title='bbox 885 2093 945 2152; x_wconf 91' lang='lat' dir='ltr'><strong>in</strong></span> <span class='ocrx_word' id='word_1_187' title='bbox 1007 2113 1071 2153; x_wconf 89' lang='lat' dir='ltr'><strong>es</strong></span> <span class='ocrx_word' id='word_1_188' title='bbox 1129 2094 1488 2169; x_wconf 80' lang='lat' dir='ltr'><strong>productam</strong></span> <span class='ocrx_word' id='word_1_189' title='bbox 1560 2092 1846 2153; x_wconf 82' lang='lat' dir='ltr'><strong>convertit</strong></span> <span class='ocrx_word' id='word_1_190' title='bbox 1916 2091 1972 2151; x_wconf 90' lang='lat' dir='ltr'><strong>iu</strong></span> <span class='ocrx_word' id='word_1_191' title='bbox 2044 2091 2334 2164; x_wconf 87' lang='lat' dir='ltr'><strong>secunda,</strong></span> <span class='ocrx_word' id='word_1_192' title='bbox 2407 2112 2556 2171; x_wconf 87' lang='lat' dir='ltr'><strong>quae</strong></span> <span class='ocrx_word' id='word_1_193' title='bbox 2626 2114 2863 2173; x_wconf 82' lang='lat' dir='ltr'><strong>semper</strong></span> <span class='ocrx_word' id='word_1_194' title='bbox 2928 2099 2987 2155; x_wconf 81' lang='lat' dir='ltr'><strong>in</strong></span> <span class='ocrx_word' id='word_1_195' title='bbox 3059 2114 3125 2154; x_wconf 89' lang='lat' dir='ltr'><strong>ea</strong></span> 
     </span>
     <span class='ocr_line' id='line_1_19' title="bbox 535 2193 3125 2274; baseline 0 -18"><span class='ocrx_word' id='word_1_196' title='bbox 535 2195 942 2273; x_wconf 84' lang='lat' dir='ltr'><strong>coniugatione</strong></span> <span class='ocrx_word' id='word_1_197' title='bbox 981 2214 1094 2254; x_wconf 87' lang='lat' dir='ltr'><strong>una</strong></span> <span class='ocrx_word' id='word_1_198' title='bbox 1139 2193 1354 2272; x_wconf 66' lang='lat' dir='ltr'><strong>syllaba</strong></span> <span class='ocrx_word' id='word_1_199' title='bbox 1393 2194 1583 2255; x_wconf 91' lang='lat' dir='ltr'><strong>minor</strong></span> <span class='ocrx_word' id='word_1_200' title='bbox 1623 2201 1741 2265; x_wconf 88' lang='lat' dir='ltr'><strong>est,</strong></span> <span class='ocrx_word' id='word_1_201' title='bbox 1787 2203 1850 2254; x_wconf 89' lang='lat' dir='ltr'><strong>ut</strong></span> <span class='ocrx_word' id='word_1_202' title='bbox 1899 2193 2082 2253; x_wconf 89' lang='lat' dir='ltr'><strong>docco</strong></span> <span class='ocrx_word' id='word_1_203' title='bbox 2141 2193 2338 2256; x_wconf 90' lang='lat' dir='ltr'><strong>doces.</strong></span> <span class='ocrx_word' id='word_1_204' title='bbox 2419 2197 2585 2256; x_wconf 86' lang='lat' dir='ltr'><strong>tertia</strong></span> <span class='ocrx_word' id='word_1_205' title='bbox 2641 2196 2973 2274; x_wconf 84' lang='lat' dir='ltr'><strong>coniugatio</strong></span> <span class='ocrx_word' id='word_1_206' title='bbox 3020 2205 3125 2270; x_wconf 78' lang='lat' dir='ltr'><strong>est,</strong></span> 
     </span>
     <span class='ocr_line' id='line_1_20' title="bbox 536 2295 3126 2375; baseline 0.001 -20"><span class='ocrx_word' id='word_1_207' title='bbox 536 2316 682 2375; x_wconf 80' lang='lat' dir='ltr'><strong>quae</strong></span> <span class='ocrx_word' id='word_1_208' title='bbox 726 2297 784 2357; x_wconf 93' lang='lat' dir='ltr'><strong>in</strong></span> <span class='ocrx_word' id='word_1_209' title='bbox 848 2297 903 2356; x_wconf 87' lang='lat' dir='ltr'><strong>io</strong></span> <span class='ocrx_word' id='word_1_210' title='bbox 962 2295 1196 2373; x_wconf 89' lang='lat' dir='ltr'><strong>quidem</strong></span> <span class='ocrx_word' id='word_1_211' title='bbox 1251 2295 1528 2356; x_wconf 88' lang='lat' dir='ltr'><strong>desinens</strong></span> <span class='ocrx_word' id='word_1_212' title='bbox 1569 2295 1625 2354; x_wconf 92' lang='lat' dir='ltr'><strong>in</strong></span> <span class='ocrx_word' id='word_1_213' title='bbox 1672 2295 1859 2374; x_wconf 66' lang='lat' dir='ltr'><strong>prima</strong></span> <span class='ocrx_word' id='word_1_214' title='bbox 1904 2313 2153 2374; x_wconf 88' lang='lat' dir='ltr'><strong>persona</strong></span> <span class='ocrx_word' id='word_1_215' title='bbox 2201 2296 2424 2358; x_wconf 87' lang='lat' dir='ltr'><strong>abiecta</strong></span> <span class='ocrx_word' id='word_1_216' title='bbox 2472 2319 2507 2358; x_wconf 91' lang='lat' dir='ltr'><strong>o</strong></span> <span class='ocrx_word' id='word_1_217' title='bbox 2545 2298 2801 2361; x_wconf 87' lang='lat' dir='ltr'><strong>adsumit</strong></span> <span class='ocrx_word' id='word_1_218' title='bbox 2842 2320 2871 2358; x_wconf 88' lang='lat' dir='ltr'><strong>s</strong></span> <span class='ocrx_word' id='word_1_219' title='bbox 2917 2307 2976 2357; x_wconf 90' lang='lat' dir='ltr'><strong>et</strong></span> <span class='ocrx_word' id='word_1_220' title='bbox 3017 2298 3126 2358; x_wconf 89' lang='lat' dir='ltr'><strong>mi-</strong></span> 
     </span>
    </p>

    <p class='ocr_par' dir='ltr' id='par_1_7' title="bbox 437 2395 3199 3796">
     <span class='ocr_line' id='line_1_21' title="bbox 437 2395 3124 2475; baseline 0 -16"><span class='ocrx_word' id='word_1_221' title='bbox 437 2413 505 2465; x_wconf 83' lang='grc'><strong>39</strong></span> <span class='ocrx_word' id='word_1_222' title='bbox 542 2399 742 2459; x_wconf 91' lang='lat' dir='ltr'><strong>nuitur</strong></span> <span class='ocrx_word' id='word_1_223' title='bbox 797 2416 908 2457; x_wconf 89' lang='lat' dir='ltr'><strong>una</strong></span> <span class='ocrx_word' id='word_1_224' title='bbox 969 2395 1186 2474; x_wconf 77' lang='lat' dir='ltr'><strong>syllaba</strong></span> <span class='ocrx_word' id='word_1_225' title='bbox 1238 2397 1297 2456; x_wconf 92' lang='lat' dir='ltr'><strong>iu</strong></span> <span class='ocrx_word' id='word_1_226' title='bbox 1353 2397 1612 2457; x_wconf 87' lang='lat' dir='ltr'><strong>secunda</strong></span> <span class='ocrx_word' id='word_1_227' title='bbox 1676 2415 1959 2475; x_wconf 86' lang='lat' dir='ltr'><strong>persona,</strong></span> <span class='ocrx_word' id='word_1_228' title='bbox 2020 2405 2082 2457; x_wconf 92' lang='lat' dir='ltr'><strong>ut</strong></span> <span class='ocrx_word' id='word_1_229' title='bbox 2134 2397 2285 2456; x_wconf 77' lang='lat' dir='ltr'><strong>facio</strong></span> <span class='ocrx_word' id='word_1_230' title='bbox 2344 2398 2517 2459; x_wconf 81' lang='lat' dir='ltr'><strong>sacis:</strong></span> <span class='ocrx_word' id='word_1_231' title='bbox 2593 2398 2701 2458; x_wconf 89' lang='lat' dir='ltr'><strong>alia</strong></span> <span class='ocrx_word' id='word_1_232' title='bbox 2762 2418 2896 2459; x_wconf 81' lang='lat' dir='ltr'><strong>vero</strong></span> <span class='ocrx_word' id='word_1_233' title='bbox 2954 2399 3124 2460; x_wconf 82' lang='lat' dir='ltr'><strong>verba</strong></span> 
     </span>
     <span class='ocr_line' id='line_1_22' title="bbox 535 2497 3195 2578; baseline 0.002 -18"><span class='ocrx_word' id='word_1_234' title='bbox 535 2516 903 2578; x_wconf 87' lang='lat' dir='ltr'><strong>quacumque</strong></span> <span class='ocrx_word' id='word_1_235' title='bbox 957 2498 1146 2558; x_wconf 85' lang='lat' dir='ltr'><strong>littera</strong></span> <span class='ocrx_word' id='word_1_236' title='bbox 1192 2498 1577 2558; x_wconf 85' lang='lat' dir='ltr'><strong>antecedente</strong></span> <span class='ocrx_word' id='word_1_237' title='bbox 1623 2518 1658 2557; x_wconf 93' lang='lat' dir='ltr'><strong>o</strong></span> <span class='ocrx_word' id='word_1_238' title='bbox 1714 2497 1769 2557; x_wconf 89' lang='lat' dir='ltr'><strong>iu</strong></span> <span class='ocrx_word' id='word_1_239' title='bbox 1816 2498 1867 2558; x_wconf 93' lang='lat' dir='ltr'><strong>is</strong></span> <span class='ocrx_word' id='word_1_240' title='bbox 1914 2499 2147 2559; x_wconf 82' lang='lat' dir='ltr'><strong>brevem</strong></span> <span class='ocrx_word' id='word_1_241' title='bbox 2195 2507 2573 2572; x_wconf 85' lang='lat' dir='ltr'><strong>convertunt,</strong></span> <span class='ocrx_word' id='word_1_242' title='bbox 2632 2508 2695 2560; x_wconf 93' lang='lat' dir='ltr'><strong>ut</strong></span> <span class='ocrx_word' id='word_1_243' title='bbox 2741 2502 2885 2560; x_wconf 88' lang='lat' dir='ltr'><strong>vebo</strong></span> <span class='ocrx_word' id='word_1_244' title='bbox 2939 2501 3195 2572; x_wconf 73' lang='lat' dir='ltr'><strong>vehis,20</strong></span> 
     </span>
     <span class='ocr_line' id='line_1_23' title="bbox 537 2599 3126 2680; baseline 0 -19"><span class='ocrx_word' id='word_1_245' title='bbox 537 2619 645 2662; x_wconf 88' lang='lat' dir='ltr'><strong>ruo</strong></span> <span class='ocrx_word' id='word_1_246' title='bbox 688 2601 840 2672; x_wconf 88' lang='lat' dir='ltr'><strong>ruis,</strong></span> <span class='ocrx_word' id='word_1_247' title='bbox 889 2599 1017 2677; x_wconf 82' lang='lat' dir='ltr'><strong>lego</strong></span> <span class='ocrx_word' id='word_1_248' title='bbox 1063 2599 1226 2677; x_wconf 82' lang='lat' dir='ltr'><strong>legis.</strong></span> <span class='ocrx_word' id='word_1_249' title='bbox 1317 2609 1517 2677; x_wconf 84' lang='lat' dir='ltr'><strong>quarta</strong></span> <span class='ocrx_word' id='word_1_250' title='bbox 1580 2599 1911 2676; x_wconf 76' lang='lat' dir='ltr'><strong>coniugatio</strong></span> <span class='ocrx_word' id='word_1_251' title='bbox 1957 2601 2203 2679; x_wconf 87' lang='lat' dir='ltr'><strong>primam</strong></span> <span class='ocrx_word' id='word_1_252' title='bbox 2250 2620 2560 2680; x_wconf 78' lang='lat' dir='ltr'><strong>personam</strong></span> <span class='ocrx_word' id='word_1_253' title='bbox 2607 2602 2664 2662; x_wconf 89' lang='lat' dir='ltr'><strong>in</strong></span> <span class='ocrx_word' id='word_1_254' title='bbox 2713 2602 2768 2662; x_wconf 91' lang='lat' dir='ltr'><strong>io</strong></span> <span class='ocrx_word' id='word_1_255' title='bbox 2816 2602 2903 2661; x_wconf 84' lang='lat' dir='ltr'><strong>vel</strong></span> <span class='ocrx_word' id='word_1_256' title='bbox 2948 2602 3005 2662; x_wconf 92' lang='lat' dir='ltr'><strong>iu</strong></span> <span class='ocrx_word' id='word_1_257' title='bbox 3057 2621 3126 2663; x_wconf 90' lang='lat' dir='ltr'><strong>eo</strong></span> 
     </span>
     <span class='ocr_line' id='line_1_24' title="bbox 537 2700 3129 2783; baseline 0 -20"><span class='ocrx_word' id='word_1_258' title='bbox 537 2703 659 2765; x_wconf 79' lang='lat' dir='ltr'><strong>linit</strong></span> <span class='ocrx_word' id='word_1_259' title='bbox 708 2703 908 2780; x_wconf 85' lang='lat' dir='ltr'><strong>eisque</strong></span> <span class='ocrx_word' id='word_1_260' title='bbox 951 2702 1010 2760; x_wconf 89' lang='lat' dir='ltr'><strong>in</strong></span> <span class='ocrx_word' id='word_1_261' title='bbox 1066 2700 1115 2760; x_wconf 82' lang='lat' dir='ltr'><strong>is</strong></span> <span class='ocrx_word' id='word_1_262' title='bbox 1179 2700 1520 2780; x_wconf 88' lang='lat' dir='ltr'><strong>productam</strong></span> <span class='ocrx_word' id='word_1_263' title='bbox 1570 2702 1918 2761; x_wconf 84' lang='lat' dir='ltr'><strong>transversis</strong></span> <span class='ocrx_word' id='word_1_264' title='bbox 1964 2703 2101 2762; x_wconf 78' lang='lat' dir='ltr'><strong>facit</strong></span> <span class='ocrx_word' id='word_1_265' title='bbox 2148 2703 2464 2763; x_wconf 86' lang='lat' dir='ltr'><strong>secundam</strong></span> <span class='ocrx_word' id='word_1_266' title='bbox 2513 2703 2799 2763; x_wconf 87' lang='lat' dir='ltr'><strong>minorem</strong></span> <span class='ocrx_word' id='word_1_267' title='bbox 2846 2723 2961 2763; x_wconf 90' lang='lat' dir='ltr'><strong>una</strong></span> <span class='ocrx_word' id='word_1_268' title='bbox 3014 2704 3129 2783; x_wconf 67' lang='lat' dir='ltr'><strong>syl-</strong></span> 
     </span>
     <span class='ocr_line' id='line_1_25' title="bbox 538 2783 3125 2883; baseline 0.001 -17"><span class='ocrx_word' id='word_1_269' title='bbox 538 2806 700 2878; x_wconf 85' lang='lat' dir='ltr'><strong>laba,</strong></span> <span class='ocrx_word' id='word_1_270' title='bbox 742 2814 806 2866; x_wconf 91' lang='lat' dir='ltr'><strong>ut</strong></span> <span class='ocrx_word' id='word_1_271' title='bbox 841 2805 1012 2865; x_wconf 88' lang='lat' dir='ltr'><strong>audio</strong></span> <span class='ocrx_word' id='word_1_272' title='bbox 1058 2803 1253 2876; x_wconf 86' lang='lat' dir='ltr'><strong>audis,</strong></span> <span class='ocrx_word' id='word_1_273' title='bbox 1302 2822 1372 2864; x_wconf 86' lang='lat' dir='ltr'><strong>eo</strong></span> <span class='ocrx_word' id='word_1_274' title='bbox 1414 2783 1481 2863; x_wconf 77' lang='lat' dir='ltr'><strong>is.</strong></span> <span class='ocrx_word' id='word_1_275' title='bbox 1561 2824 1588 2863; x_wconf 91' lang='lat' dir='ltr'><strong>s</strong></span> <span class='ocrx_word' id='word_1_276' title='bbox 1622 2823 1753 2864; x_wconf 88' lang='lat' dir='ltr'><strong>vero</strong></span> <span class='ocrx_word' id='word_1_277' title='bbox 1801 2802 1958 2864; x_wconf 82' lang='lat' dir='ltr'><strong>finali</strong></span> <span class='ocrx_word' id='word_1_278' title='bbox 2006 2803 2301 2865; x_wconf 88' lang='lat' dir='ltr'><strong>secundae</strong></span> <span class='ocrx_word' id='word_1_279' title='bbox 2346 2823 2634 2883; x_wconf 82' lang='lat' dir='ltr'><strong>personae</strong></span> <span class='ocrx_word' id='word_1_280' title='bbox 2666 2806 2723 2865; x_wconf 89' lang='lat' dir='ltr'><strong>in</strong></span> <span class='ocrx_word' id='word_1_281' title='bbox 2778 2815 2800 2866; x_wconf 90' lang='lat' dir='ltr'><strong>t</strong></span> <span class='ocrx_word' id='word_1_282' title='bbox 2846 2825 3125 2868; x_wconf 88' lang='lat' dir='ltr'><strong>conversa</strong></span> 
     </span>
     <span class='ocr_line' id='line_1_26' title="bbox 537 2905 3130 2987; baseline 0 -18"><span class='ocrx_word' id='word_1_283' title='bbox 537 2912 601 2969; x_wconf 84' lang='lat' dir='ltr'><strong>tit</strong></span> <span class='ocrx_word' id='word_1_284' title='bbox 658 2908 823 2968; x_wconf 86' lang='lat' dir='ltr'><strong>tertia</strong></span> <span class='ocrx_word' id='word_1_285' title='bbox 882 2924 1129 2987; x_wconf 89' lang='lat' dir='ltr'><strong>persona</strong></span> <span class='ocrx_word' id='word_1_286' title='bbox 1185 2905 1242 2965; x_wconf 89' lang='lat' dir='ltr'><strong>in</strong></span> <span class='ocrx_word' id='word_1_287' title='bbox 1290 2905 1448 2965; x_wconf 90' lang='lat' dir='ltr'><strong>omni</strong></span> <span class='ocrx_word' id='word_1_288' title='bbox 1495 2905 1947 2981; x_wconf 84' lang='lat' dir='ltr'><strong>coniugatione,</strong></span> <span class='ocrx_word' id='word_1_289' title='bbox 1992 2905 2173 2966; x_wconf 87' lang='lat' dir='ltr'><strong>vocali</strong></span> <span class='ocrx_word' id='word_1_290' title='bbox 2223 2914 2416 2966; x_wconf 89' lang='lat' dir='ltr'><strong>tamen</strong></span> <span class='ocrx_word' id='word_1_291' title='bbox 2465 2917 2733 2986; x_wconf 89' lang='lat' dir='ltr'><strong>correpta</strong></span> <span class='ocrx_word' id='word_1_292' title='bbox 2780 2917 2915 2969; x_wconf 89' lang='lat' dir='ltr'><strong>ante</strong></span> <span class='ocrx_word' id='word_1_293' title='bbox 2963 2918 3017 2981; x_wconf 94' lang='lat' dir='ltr'><strong>t,</strong></span> <span class='ocrx_word' id='word_1_294' title='bbox 3065 2919 3130 2970; x_wconf 93' lang='lat' dir='ltr'><strong>ut</strong></span> 
     </span>
     <span class='ocr_line' id='line_1_27' title="bbox 538 3005 3196 3089; baseline 0.003 -20"><span class='ocrx_word' id='word_1_295' title='bbox 538 3028 700 3071; x_wconf 91' lang='lat' dir='ltr'><strong>amas</strong></span> <span class='ocrx_word' id='word_1_296' title='bbox 754 3017 941 3083; x_wconf 87' lang='lat' dir='ltr'><strong>amat,</strong></span> <span class='ocrx_word' id='word_1_297' title='bbox 999 3007 1177 3067; x_wconf 87' lang='lat' dir='ltr'><strong>doces</strong></span> <span class='ocrx_word' id='word_1_298' title='bbox 1234 3007 1439 3079; x_wconf 89' lang='lat' dir='ltr'><strong>docet,</strong></span> <span class='ocrx_word' id='word_1_299' title='bbox 1496 3006 1641 3083; x_wconf 81' lang='lat' dir='ltr'><strong>legis</strong></span> <span class='ocrx_word' id='word_1_300' title='bbox 1688 3005 1856 3084; x_wconf 76' lang='lat' dir='ltr'><strong>legit,</strong></span> <span class='ocrx_word' id='word_1_301' title='bbox 1904 3007 2070 3067; x_wconf 88' lang='lat' dir='ltr'><strong>audis</strong></span> <span class='ocrx_word' id='word_1_302' title='bbox 2116 3007 2314 3080; x_wconf 89' lang='lat' dir='ltr'><strong>audit,</strong></span> <span class='ocrx_word' id='word_1_303' title='bbox 2359 3008 2410 3069; x_wconf 85' lang='lat' dir='ltr'><strong>is</strong></span> <span class='ocrx_word' id='word_1_304' title='bbox 2454 3010 2513 3069; x_wconf 88' lang='lat' dir='ltr'><strong>it.</strong></span> <span class='ocrx_word' id='word_1_305' title='bbox 2600 3009 2944 3089; x_wconf 89' lang='lat' dir='ltr'><strong>interposita</strong></span> <span class='ocrx_word' id='word_1_306' title='bbox 2991 3031 3125 3073; x_wconf 87' lang='lat' dir='ltr'><strong>vero</strong></span> <span class='ocrx_word' id='word_1_307' title='bbox 3145 3040 3196 3078; x_wconf 76' lang='lat'><strong>25</strong></span> 
     </span>
     <span class='ocr_line' id='line_1_28' title="bbox 539 3108 3129 3190; baseline 0.002 -20"><span class='ocrx_word' id='word_1_308' title='bbox 539 3130 635 3171; x_wconf 89' lang='lat' dir='ltr'><strong>mu</strong></span> <span class='ocrx_word' id='word_1_309' title='bbox 671 3108 787 3190; x_wconf 91' lang='lat' dir='ltr'><strong>[in]</strong></span> <span class='ocrx_word' id='word_1_310' title='bbox 831 3109 1034 3170; x_wconf 89' lang='lat' dir='ltr'><strong>eadem</strong></span> <span class='ocrx_word' id='word_1_311' title='bbox 1077 3110 1336 3170; x_wconf 87' lang='lat' dir='ltr'><strong>secunda</strong></span> <span class='ocrx_word' id='word_1_312' title='bbox 1381 3127 1633 3187; x_wconf 87' lang='lat' dir='ltr'><strong>persona</strong></span> <span class='ocrx_word' id='word_1_313' title='bbox 1677 3128 1918 3169; x_wconf 86' lang='lat' dir='ltr'><strong>servans</strong></span> <span class='ocrx_word' id='word_1_314' title='bbox 1964 3129 1992 3169; x_wconf 93' lang='lat' dir='ltr'><strong>s</strong></span> <span class='ocrx_word' id='word_1_315' title='bbox 2044 3109 2181 3169; x_wconf 81' lang='lat' dir='ltr'><strong>facit</strong></span> <span class='ocrx_word' id='word_1_316' title='bbox 2217 3109 2463 3188; x_wconf 86' lang='lat' dir='ltr'><strong>primam</strong></span> <span class='ocrx_word' id='word_1_317' title='bbox 2505 3109 2821 3190; x_wconf 78' lang='lat' dir='ltr'><strong>pluralem,</strong></span> <span class='ocrx_word' id='word_1_318' title='bbox 2868 3124 2932 3173; x_wconf 93' lang='lat' dir='ltr'><strong>ut</strong></span> <span class='ocrx_word' id='word_1_319' title='bbox 2965 3132 3129 3174; x_wconf 87' lang='lat' dir='ltr'><strong>amas</strong></span> 
     </span>
     <span class='ocr_line' id='line_1_29' title="bbox 538 3209 3129 3295; baseline 0.001 -22"><span class='ocrx_word' id='word_1_320' title='bbox 538 3231 840 3283; x_wconf 84' lang='lat' dir='ltr'><strong>amamus,</strong></span> <span class='ocrx_word' id='word_1_321' title='bbox 887 3211 1065 3273; x_wconf 89' lang='lat' dir='ltr'><strong>doces</strong></span> <span class='ocrx_word' id='word_1_322' title='bbox 1113 3211 1429 3282; x_wconf 76' lang='lat' dir='ltr'><strong>(locemuS,</strong></span> <span class='ocrx_word' id='word_1_323' title='bbox 1480 3209 1625 3287; x_wconf 86' lang='lat' dir='ltr'><strong>legis</strong></span> <span class='ocrx_word' id='word_1_324' title='bbox 1671 3209 1953 3287; x_wconf 80' lang='lat' dir='ltr'><strong>legimuS,</strong></span> <span class='ocrx_word' id='word_1_325' title='bbox 2002 3210 2171 3270; x_wconf 88' lang='lat' dir='ltr'><strong>audis</strong></span> <span class='ocrx_word' id='word_1_326' title='bbox 2217 3210 2505 3271; x_wconf 90' lang='lat' dir='ltr'><strong>audimus.</strong></span> <span class='ocrx_word' id='word_1_327' title='bbox 2598 3212 2638 3271; x_wconf 92' lang='lat' dir='ltr'><strong>ti</strong></span> <span class='ocrx_word' id='word_1_328' title='bbox 2686 3231 2821 3273; x_wconf 85' lang='lat' dir='ltr'><strong>vero</strong></span> <span class='ocrx_word' id='word_1_329' title='bbox 2867 3215 3129 3295; x_wconf 87' lang='lat' dir='ltr'><strong>interpo-</strong></span> 
     </span>
     <span class='ocr_line' id='line_1_30' title="bbox 541 3311 3126 3393; baseline 0.002 -20"><span class='ocrx_word' id='word_1_330' title='bbox 541 3315 650 3374; x_wconf 88' lang='lat' dir='ltr'><strong>sita</strong></span> <span class='ocrx_word' id='word_1_331' title='bbox 700 3312 1019 3373; x_wconf 87' lang='lat' dir='ltr'><strong>secundam</strong></span> <span class='ocrx_word' id='word_1_332' title='bbox 1065 3313 1203 3373; x_wconf 76' lang='lat' dir='ltr'><strong>facit</strong></span> <span class='ocrx_word' id='word_1_333' title='bbox 1248 3311 1564 3391; x_wconf 86' lang='lat' dir='ltr'><strong>pluralem,</strong></span> <span class='ocrx_word' id='word_1_334' title='bbox 1611 3318 1675 3371; x_wconf 87' lang='lat' dir='ltr'><strong>ut</strong></span> <span class='ocrx_word' id='word_1_335' title='bbox 1706 3330 1869 3371; x_wconf 86' lang='lat' dir='ltr'><strong>amas</strong></span> <span class='ocrx_word' id='word_1_336' title='bbox 1912 3311 2155 3384; x_wconf 89' lang='lat' dir='ltr'><strong>amatis,</strong></span> <span class='ocrx_word' id='word_1_337' title='bbox 2204 3312 2382 3372; x_wconf 87' lang='lat' dir='ltr'><strong>doces</strong></span> <span class='ocrx_word' id='word_1_338' title='bbox 2419 3312 2676 3386; x_wconf 88' lang='lat' dir='ltr'><strong>docetis,</strong></span> <span class='ocrx_word' id='word_1_339' title='bbox 2724 3314 2870 3393; x_wconf 85' lang='lat' dir='ltr'><strong>legis</strong></span> <span class='ocrx_word' id='word_1_340' title='bbox 2915 3315 3126 3393; x_wconf 78' lang='lat' dir='ltr'><strong>legitiS,</strong></span> 
     </span>
     <span class='ocr_line' id='line_1_31' title="bbox 537 3412 3129 3494; baseline 0.001 -19"><span class='ocrx_word' id='word_1_341' title='bbox 537 3415 703 3476; x_wconf 88' lang='lat' dir='ltr'><strong>audis</strong></span> <span class='ocrx_word' id='word_1_342' title='bbox 747 3414 979 3475; x_wconf 89' lang='lat' dir='ltr'><strong>auditis.</strong></span> <span class='ocrx_word' id='word_1_343' title='bbox 1049 3414 1216 3474; x_wconf 87' lang='lat' dir='ltr'><strong>tertia</strong></span> <span class='ocrx_word' id='word_1_344' title='bbox 1258 3432 1394 3474; x_wconf 87' lang='lat' dir='ltr'><strong>vero</strong></span> <span class='ocrx_word' id='word_1_345' title='bbox 1437 3412 1679 3493; x_wconf 89' lang='lat' dir='ltr'><strong>pluralis</strong></span> <span class='ocrx_word' id='word_1_346' title='bbox 1719 3413 1778 3473; x_wconf 92' lang='lat' dir='ltr'><strong>in</strong></span> <span class='ocrx_word' id='word_1_347' title='bbox 1817 3412 2001 3491; x_wconf 91' lang='lat' dir='ltr'><strong>prima</strong></span> <span class='ocrx_word' id='word_1_348' title='bbox 2045 3412 2278 3489; x_wconf 88' lang='lat' dir='ltr'><strong>quidem</strong></span> <span class='ocrx_word' id='word_1_349' title='bbox 2325 3421 2381 3473; x_wconf 90' lang='lat' dir='ltr'><strong>et</strong></span> <span class='ocrx_word' id='word_1_350' title='bbox 2425 3414 2684 3475; x_wconf 88' lang='lat' dir='ltr'><strong>secunda</strong></span> <span class='ocrx_word' id='word_1_351' title='bbox 2719 3416 3129 3494; x_wconf 86' lang='lat' dir='ltr'><strong>coniugatione</strong></span> 
     </span>
     <span class='ocr_line' id='line_1_32' title="bbox 538 3513 3199 3615; baseline 0.001 -38"><span class='ocrx_word' id='word_1_352' title='bbox 538 3517 884 3595; x_wconf 86' lang='lat' dir='ltr'><strong>interposita</strong></span> <span class='ocrx_word' id='word_1_353' title='bbox 940 3513 1142 3577; x_wconf 89' lang='lat' dir='ltr'><strong>tertiae</strong></span> <span class='ocrx_word' id='word_1_354' title='bbox 1200 3514 1478 3592; x_wconf 84' lang='lat' dir='ltr'><strong>singulari</strong></span> <span class='ocrx_word' id='word_1_355' title='bbox 1534 3534 1569 3574; x_wconf 91' lang='lat' dir='ltr'><strong>n</strong></span> <span class='ocrx_word' id='word_1_356' title='bbox 1620 3513 1770 3576; x_wconf 88' lang='lat' dir='ltr'><strong>solet</strong></span> <span class='ocrx_word' id='word_1_357' title='bbox 1838 3514 1995 3587; x_wconf 81' lang='lat' dir='ltr'><strong>lieri,</strong></span> <span class='ocrx_word' id='word_1_358' title='bbox 2055 3523 2118 3574; x_wconf 91' lang='lat' dir='ltr'><strong>ut</strong></span> <span class='ocrx_word' id='word_1_359' title='bbox 2161 3523 2316 3574; x_wconf 91' lang='lat' dir='ltr'><strong>amat</strong></span> <span class='ocrx_word' id='word_1_360' title='bbox 2370 3523 2600 3588; x_wconf 86' lang='lat' dir='ltr'><strong>amant,</strong></span> <span class='ocrx_word' id='word_1_361' title='bbox 2662 3517 2834 3578; x_wconf 87' lang='lat' dir='ltr'><strong>docet</strong></span> <span class='ocrx_word' id='word_1_362' title='bbox 2879 3520 3199 3615; x_wconf 48' lang='lat' dir='ltr'><strong>docent-mo</strong></span> 
     </span>
     <span class='ocr_line' id='line_1_33' title="bbox 538 3615 3130 3696; baseline 0.002 -19"><span class='ocrx_word' id='word_1_363' title='bbox 538 3618 595 3677; x_wconf 91' lang='lat' dir='ltr'><strong>in</strong></span> <span class='ocrx_word' id='word_1_364' title='bbox 656 3618 821 3679; x_wconf 81' lang='lat' dir='ltr'><strong>tertia</strong></span> <span class='ocrx_word' id='word_1_365' title='bbox 881 3636 1016 3677; x_wconf 87' lang='lat' dir='ltr'><strong>vero</strong></span> <span class='ocrx_word' id='word_1_366' title='bbox 1072 3623 1131 3676; x_wconf 88' lang='lat' dir='ltr'><strong>et</strong></span> <span class='ocrx_word' id='word_1_367' title='bbox 1187 3625 1389 3695; x_wconf 85' lang='lat' dir='ltr'><strong>quarta</strong></span> <span class='ocrx_word' id='word_1_368' title='bbox 1447 3616 1669 3695; x_wconf 88' lang='lat' dir='ltr'><strong>primae</strong></span> <span class='ocrx_word' id='word_1_369' title='bbox 1722 3635 2012 3696; x_wconf 87' lang='lat' dir='ltr'><strong>personae</strong></span> <span class='ocrx_word' id='word_1_370' title='bbox 2070 3637 2105 3677; x_wconf 94' lang='lat' dir='ltr'><strong>o</strong></span> <span class='ocrx_word' id='word_1_371' title='bbox 2163 3615 2395 3677; x_wconf 84' lang='lat' dir='ltr'><strong>finalem</strong></span> <span class='ocrx_word' id='word_1_372' title='bbox 2449 3617 2505 3677; x_wconf 88' lang='lat' dir='ltr'><strong>in</strong></span> <span class='ocrx_word' id='word_1_373' title='bbox 2564 3626 2668 3678; x_wconf 92' lang='lat' dir='ltr'><strong>unt</strong></span> <span class='ocrx_word' id='word_1_374' title='bbox 2720 3629 3130 3682; x_wconf 83' lang='lat' dir='ltr'><strong>convertentes</strong></span> 
     </span>
     <span class='ocr_line' id='line_1_34' title="bbox 541 3712 3128 3796; baseline 0.002 -18"><span class='ocrx_word' id='word_1_375' title='bbox 541 3720 787 3780; x_wconf 77' lang='lat' dir='ltr'><strong>facimus</strong></span> <span class='ocrx_word' id='word_1_376' title='bbox 834 3718 1060 3779; x_wconf 89' lang='lat' dir='ltr'><strong>tertiam</strong></span> <span class='ocrx_word' id='word_1_377' title='bbox 1107 3717 1416 3796; x_wconf 86' lang='lat' dir='ltr'><strong>pluralem,</strong></span> <span class='ocrx_word' id='word_1_378' title='bbox 1467 3712 1544 3778; x_wconf 84' lang='lat' dir='ltr'><strong>ut&#39;</strong></span> <span class='ocrx_word' id='word_1_379' title='bbox 1575 3718 1724 3779; x_wconf 84' lang='lat' dir='ltr'><strong>saeio</strong></span> <span class='ocrx_word' id='word_1_380' title='bbox 1762 3718 2017 3791; x_wconf 82' lang='lat' dir='ltr'><strong>faciunt,</strong></span> <span class='ocrx_word' id='word_1_381' title='bbox 2065 3718 2193 3795; x_wconf 85' lang='lat' dir='ltr'><strong>lego</strong></span> <span class='ocrx_word' id='word_1_382' title='bbox 2247 3718 2479 3795; x_wconf 72' lang='lat' dir='ltr'><strong>legunt,</strong></span> <span class='ocrx_word' id='word_1_383' title='bbox 2523 3719 2695 3780; x_wconf 86' lang='lat' dir='ltr'><strong>audio</strong></span> <span class='ocrx_word' id='word_1_384' title='bbox 2736 3721 3010 3793; x_wconf 88' lang='lat' dir='ltr'><strong>audiunt,</strong></span> <span class='ocrx_word' id='word_1_385' title='bbox 3059 3742 3128 3783; x_wconf 91' lang='lat' dir='ltr'><strong>eo</strong></span> 
     </span>
    </p>

    <p class='ocr_par' dir='ltr' id='par_1_8' title="bbox 437 3815 3196 4508">
     <span class='ocr_line' id='line_1_35' title="bbox 437 3815 3129 3901; baseline 0 -17"><span class='ocrx_word' id='word_1_386' title='bbox 437 3837 506 3885; x_wconf 83' lang='grc'><strong>40</strong></span> <span class='ocrx_word' id='word_1_387' title='bbox 542 3829 698 3882; x_wconf 86' lang='lat' dir='ltr'><strong>eunt.</strong></span> <span class='ocrx_word' id='word_1_388' title='bbox 789 3819 1166 3900; x_wconf 87' lang='lat' dir='ltr'><strong>praeteritum</strong></span> <span class='ocrx_word' id='word_1_389' title='bbox 1222 3818 1626 3897; x_wconf 74' lang='lat' dir='ltr'><strong>imperfectum</strong></span> <span class='ocrx_word' id='word_1_390' title='bbox 1685 3815 1942 3901; x_wconf 72' lang='lat' dir='ltr'><strong>prillmae</strong></span> <span class='ocrx_word' id='word_1_391' title='bbox 1987 3819 2221 3896; x_wconf 87' lang='lat' dir='ltr'><strong>quidem</strong></span> <span class='ocrx_word' id='word_1_392' title='bbox 2270 3828 2328 3879; x_wconf 88' lang='lat' dir='ltr'><strong>et</strong></span> <span class='ocrx_word' id='word_1_393' title='bbox 2375 3821 2668 3880; x_wconf 77' lang='lat' dir='ltr'><strong>secundae</strong></span> <span class='ocrx_word' id='word_1_394' title='bbox 2701 3822 3129 3900; x_wconf 84' lang='lat' dir='ltr'><strong>coniugationis</strong></span> 
     </span>
     <span class='ocr_line' id='line_1_36' title="bbox 540 3919 3128 4001; baseline 0.001 -18"><span class='ocrx_word' id='word_1_395' title='bbox 540 3942 571 3983; x_wconf 89' lang='lat' dir='ltr'><strong>a</strong></span> <span class='ocrx_word' id='word_1_396' title='bbox 628 3921 886 3984; x_wconf 90' lang='lat' dir='ltr'><strong>secunda</strong></span> <span class='ocrx_word' id='word_1_397' title='bbox 943 3940 1197 4001; x_wconf 87' lang='lat' dir='ltr'><strong>persona</strong></span> <span class='ocrx_word' id='word_1_398' title='bbox 1256 3920 1480 3981; x_wconf 88' lang='lat' dir='ltr'><strong>abiecta</strong></span> <span class='ocrx_word' id='word_1_399' title='bbox 1539 3921 1696 3981; x_wconf 74' lang='lat' dir='ltr'><strong>finali</strong></span> <span class='ocrx_word' id='word_1_400' title='bbox 1753 3942 1780 3982; x_wconf 91' lang='lat' dir='ltr'><strong>s</strong></span> <span class='ocrx_word' id='word_1_401' title='bbox 1829 3929 1886 3981; x_wconf 90' lang='lat' dir='ltr'><strong>et</strong></span> <span class='ocrx_word' id='word_1_402' title='bbox 1944 3919 2168 3980; x_wconf 88' lang='lat' dir='ltr'><strong>adiecta</strong></span> <span class='ocrx_word' id='word_1_403' title='bbox 2227 3920 2360 3982; x_wconf 91' lang='lat' dir='ltr'><strong>bam</strong></span> <span class='ocrx_word' id='word_1_404' title='bbox 2417 3922 2800 4000; x_wconf 70' lang='lat' dir='ltr'><strong>proferimus»,</strong></span> <span class='ocrx_word' id='word_1_405' title='bbox 2861 3934 2924 3984; x_wconf 96' lang='lat' dir='ltr'><strong>ut</strong></span> <span class='ocrx_word' id='word_1_406' title='bbox 2967 3943 3128 3985; x_wconf 89' lang='lat' dir='ltr'><strong>amas</strong></span> 
     </span>
     <span class='ocr_line' id='line_1_37' title="bbox 540 4020 3196 4103; baseline 0.002 -20"><span class='ocrx_word' id='word_1_407' title='bbox 540 4023 839 4095; x_wconf 85' lang='lat' dir='ltr'><strong>amabam,</strong></span> <span class='ocrx_word' id='word_1_408' title='bbox 884 4022 1064 4084; x_wconf 88' lang='lat' dir='ltr'><strong>doces</strong></span> <span class='ocrx_word' id='word_1_409' title='bbox 1102 4022 1404 4083; x_wconf 86' lang='lat' dir='ltr'><strong>docebam.</strong></span> <span class='ocrx_word' id='word_1_410' title='bbox 1496 4022 1763 4082; x_wconf 89' lang='lat' dir='ltr'><strong>similiter</strong></span> <span class='ocrx_word' id='word_1_411' title='bbox 1807 4025 1871 4081; x_wconf 85' lang='lat' dir='ltr'><strong>lit</strong></span> <span class='ocrx_word' id='word_1_412' title='bbox 1925 4022 1981 4081; x_wconf 89' lang='lat' dir='ltr'><strong>iu</strong></span> <span class='ocrx_word' id='word_1_413' title='bbox 2033 4020 2222 4082; x_wconf 81' lang='lat' dir='ltr'><strong>verbis</strong></span> <span class='ocrx_word' id='word_1_414' title='bbox 2281 4031 2520 4100; x_wconf 88' lang='lat' dir='ltr'><strong>quartae</strong></span> <span class='ocrx_word' id='word_1_415' title='bbox 2585 4024 3012 4103; x_wconf 84' lang='lat' dir='ltr'><strong>coniugatiouis</strong></span> <span class='ocrx_word' id='word_1_416' title='bbox 3066 4026 3123 4086; x_wconf 88' lang='lat' dir='ltr'><strong>in</strong></span> <span class='ocrx_word' id='word_1_417' title='bbox 3146 4051 3196 4090; x_wconf 76' lang='lat'><strong>35</strong></span> 
     </span>
     <span class='ocr_line' id='line_1_38' title="bbox 541 4123 3128 4203; baseline 0.001 -19"><span class='ocrx_word' id='word_1_418' title='bbox 541 4144 610 4184; x_wconf 91' lang='lat' dir='ltr'><strong>co</strong></span> <span class='ocrx_word' id='word_1_419' title='bbox 648 4124 1080 4196; x_wconf 79' lang='lat' dir='ltr'><strong>desinentibuS,</strong></span> <span class='ocrx_word' id='word_1_420' title='bbox 1129 4132 1190 4184; x_wconf 92' lang='lat' dir='ltr'><strong>ut</strong></span> <span class='ocrx_word' id='word_1_421' title='bbox 1234 4143 1303 4183; x_wconf 90' lang='lat' dir='ltr'><strong>eo</strong></span> <span class='ocrx_word' id='word_1_422' title='bbox 1347 4124 1398 4184; x_wconf 89' lang='lat' dir='ltr'><strong>is</strong></span> <span class='ocrx_word' id='word_1_423' title='bbox 1438 4123 1611 4184; x_wconf 89' lang='lat' dir='ltr'><strong>ibam.</strong></span> <span class='ocrx_word' id='word_1_424' title='bbox 1695 4125 1753 4184; x_wconf 90' lang='lat' dir='ltr'><strong>in</strong></span> <span class='ocrx_word' id='word_1_425' title='bbox 1800 4123 1927 4184; x_wconf 90' lang='lat' dir='ltr'><strong>aliis</strong></span> <span class='ocrx_word' id='word_1_426' title='bbox 1976 4124 2248 4184; x_wconf 89' lang='lat' dir='ltr'><strong>omnibus</strong></span> <span class='ocrx_word' id='word_1_427' title='bbox 2305 4132 2546 4202; x_wconf 85' lang='lat' dir='ltr'><strong>quartae</strong></span> <span class='ocrx_word' id='word_1_428' title='bbox 2603 4125 3031 4203; x_wconf 84' lang='lat' dir='ltr'><strong>coniugationis</strong></span> <span class='ocrx_word' id='word_1_429' title='bbox 3072 4136 3128 4187; x_wconf 86' lang='lat' dir='ltr'><strong>et</strong></span> 
     </span>
     <span class='ocr_line' id='line_1_39' title="bbox 540 4223 3127 4308; baseline 0.001 -22"><span class='ocrx_word' id='word_1_430' title='bbox 540 4227 743 4286; x_wconf 84' lang='lat' dir='ltr'><strong>tertiae</strong></span> <span class='ocrx_word' id='word_1_431' title='bbox 787 4225 1008 4305; x_wconf 88' lang='lat' dir='ltr'><strong>primae</strong></span> <span class='ocrx_word' id='word_1_432' title='bbox 1054 4244 1341 4304; x_wconf 87' lang='lat' dir='ltr'><strong>personae</strong></span> <span class='ocrx_word' id='word_1_433' title='bbox 1371 4245 1406 4284; x_wconf 92' lang='lat' dir='ltr'><strong>o</strong></span> <span class='ocrx_word' id='word_1_434' title='bbox 1438 4223 1671 4284; x_wconf 87' lang='lat' dir='ltr'><strong>linalem</strong></span> <span class='ocrx_word' id='word_1_435' title='bbox 1710 4226 1769 4284; x_wconf 92' lang='lat' dir='ltr'><strong>iu</strong></span> <span class='ocrx_word' id='word_1_436' title='bbox 1816 4246 1848 4285; x_wconf 90' lang='lat' dir='ltr'><strong>e</strong></span> <span class='ocrx_word' id='word_1_437' title='bbox 1881 4225 2225 4304; x_wconf 83' lang='lat' dir='ltr'><strong>productam</strong></span> <span class='ocrx_word' id='word_1_438' title='bbox 2270 4226 2662 4287; x_wconf 74' lang='lat' dir='ltr'><strong>convertimus</strong></span> <span class='ocrx_word' id='word_1_439' title='bbox 2717 4235 2774 4287; x_wconf 86' lang='lat' dir='ltr'><strong>et</strong></span> <span class='ocrx_word' id='word_1_440' title='bbox 2819 4228 3127 4308; x_wconf 86' lang='lat' dir='ltr'><strong>adsumpta</strong></span> 
     </span>
     <span class='ocr_line' id='line_1_40' title="bbox 540 4325 3128 4405; baseline 0.001 -19"><span class='ocrx_word' id='word_1_441' title='bbox 540 4327 674 4388; x_wconf 73' lang='lat' dir='ltr'><strong>liam</strong></span> <span class='ocrx_word' id='word_1_442' title='bbox 734 4327 977 4387; x_wconf 81' lang='lat' dir='ltr'><strong>facimus</strong></span> <span class='ocrx_word' id='word_1_443' title='bbox 1034 4327 1410 4405; x_wconf 86' lang='lat' dir='ltr'><strong>praeteritum</strong></span> <span class='ocrx_word' id='word_1_444' title='bbox 1467 4326 1908 4405; x_wconf 79' lang='lat' dir='ltr'><strong>imperfectum,</strong></span> <span class='ocrx_word' id='word_1_445' title='bbox 1954 4325 2199 4389; x_wconf 83' lang='lat' dir='ltr'><strong>utsacio</strong></span> <span class='ocrx_word' id='word_1_446' title='bbox 2258 4327 2561 4388; x_wconf 81' lang='lat' dir='ltr'><strong>faciebam.</strong></span> <span class='ocrx_word' id='word_1_447' title='bbox 2653 4328 2790 4389; x_wconf 88' lang='lat' dir='ltr'><strong>licet</strong></span> <span class='ocrx_word' id='word_1_448' title='bbox 2833 4338 3026 4391; x_wconf 88' lang='lat' dir='ltr'><strong>autem</strong></span> <span class='ocrx_word' id='word_1_449' title='bbox 3071 4339 3128 4389; x_wconf 88' lang='lat' dir='ltr'><strong>et</strong></span> 
     </span>
     <span class='ocr_line' id='line_1_41' title="bbox 539 4428 3128 4508; baseline 0.002 -20"><span class='ocrx_word' id='word_1_450' title='bbox 539 4428 786 4489; x_wconf 86' lang='lat' dir='ltr'><strong>maxime</strong></span> <span class='ocrx_word' id='word_1_451' title='bbox 826 4428 1015 4507; x_wconf 89' lang='lat' dir='ltr'><strong>poetis</strong></span> <span class='ocrx_word' id='word_1_452' title='bbox 1059 4446 1166 4506; x_wconf 88' lang='lat' dir='ltr'><strong>per</strong></span> <span class='ocrx_word' id='word_1_453' title='bbox 1212 4446 1527 4507; x_wconf 73' lang='lat' dir='ltr'><strong>syncopam</strong></span> <span class='ocrx_word' id='word_1_454' title='bbox 1584 4428 1644 4489; x_wconf 92' lang='lat' dir='ltr'><strong>in</strong></span> <span class='ocrx_word' id='word_1_455' title='bbox 1690 4437 1893 4505; x_wconf 85' lang='lat' dir='ltr'><strong>quarta</strong></span> <span class='ocrx_word' id='word_1_456' title='bbox 1938 4429 2347 4508; x_wconf 83' lang='lat' dir='ltr'><strong>coniugatione</strong></span> <span class='ocrx_word' id='word_1_457' title='bbox 2402 4429 2673 4491; x_wconf 89' lang='lat' dir='ltr'><strong>audibam</strong></span> <span class='ocrx_word' id='word_1_458' title='bbox 2730 4439 2787 4492; x_wconf 90' lang='lat' dir='ltr'><strong>et</strong></span> <span class='ocrx_word' id='word_1_459' title='bbox 2834 4432 3128 4493; x_wconf 91' lang='lat' dir='ltr'><strong>munibam</strong></span> 
     </span>
    </p>
   </div>
   <div class='ocr_carea' id='block_1_4' title="bbox 537 4579 3129 4907">
    <p class='ocr_par' dir='ltr' id='par_1_9' title="bbox 537 4579 3129 4907">
     <span class='ocr_line' id='line_1_42' title="bbox 680 4579 3127 4650; baseline 0.002 -22"><span class='ocrx_word' id='word_1_460' title='bbox 680 4582 709 4628; x_wconf 72' lang='lat'>4</span> <span class='ocrx_word' id='word_1_461' title='bbox 753 4580 802 4627; x_wconf 88' lang='lat' dir='ltr'><strong>in</strong></span> <span class='ocrx_word' id='word_1_462' title='bbox 842 4594 919 4627; x_wconf 85' lang='lat' dir='ltr'><strong>ein</strong></span> <span class='ocrx_word' id='word_1_463' title='bbox 956 4579 1188 4628; x_wconf 84' lang='lat' dir='ltr'><strong>terminat</strong></span> <span class='ocrx_word' id='word_1_464' title='bbox 1231 4594 1264 4635; x_wconf 99' lang='lat'>3</span> <span class='ocrx_word' id='word_1_465' title='bbox 1337 4580 1385 4627; x_wconf 89' lang='lat' dir='ltr'><strong>iu</strong></span> <span class='ocrx_word' id='word_1_466' title='bbox 1424 4595 1470 4627; x_wconf 90' lang='lat' dir='ltr'><strong>m</strong></span> <span class='ocrx_word' id='word_1_467' title='bbox 1505 4581 1773 4629; x_wconf 80' lang='lat' dir='ltr'><strong>terminant</strong></span> <span class='ocrx_word' id='word_1_468' title='bbox 1811 4582 1853 4630; x_wconf 88' lang='lat' dir='ltr'><em>C</em></span> <span class='ocrx_word' id='word_1_469' title='bbox 1991 4585 2017 4631; x_wconf 84' lang='lat'><strong>7</strong></span> <span class='ocrx_word' id='word_1_470' title='bbox 2060 4581 2267 4630; x_wconf 82' lang='lat' dir='ltr'><strong>relatiua</strong></span> <span class='ocrx_word' id='word_1_471' title='bbox 2307 4596 2340 4637; x_wconf 89' lang='grc' dir='ltr'><strong>ς</strong></span> <span class='ocrx_word' id='word_1_472' title='bbox 2411 4583 2689 4647; x_wconf 69' lang='lat' dir='ltr'><strong>praclauun</strong></span> <span class='ocrx_word' id='word_1_473' title='bbox 2730 4584 2817 4645; x_wconf 68' lang='lat' dir='ltr'><strong>C,</strong></span> <span class='ocrx_word' id='word_1_474' title='bbox 2914 4584 2975 4634; x_wconf 87' lang='lat'><strong>10</strong></span> <span class='ocrx_word' id='word_1_475' title='bbox 3010 4599 3127 4650; x_wconf 90' lang='lat' dir='ltr'><strong>pro-</strong></span> 
     </span>
     <span class='ocr_line' id='line_1_43' title="bbox 543 4650 3128 4715; baseline 0.002 -17"><span class='ocrx_word' id='word_1_476' title='bbox 543 4650 707 4715; x_wconf 86' lang='lat' dir='ltr'><strong>prium</strong></span> <span class='ocrx_word' id='word_1_477' title='bbox 747 4657 821 4696; x_wconf 92' lang='lat' dir='ltr'><strong>est</strong></span> <span class='ocrx_word' id='word_1_478' title='bbox 861 4650 1173 4712; x_wconf 82' lang='lat' dir='ltr'><strong>pronominis</strong></span> <span class='ocrx_word' id='word_1_479' title='bbox 1213 4650 1501 4713; x_wconf 75' lang='lat' dir='ltr'><strong>significare</strong></span> <span class='ocrx_word' id='word_1_480' title='bbox 1536 4660 1723 4697; x_wconf 78' lang='lat' dir='ltr'><strong>certam</strong></span> <span class='ocrx_word' id='word_1_481' title='bbox 1762 4664 2032 4715; x_wconf 85' lang='lat' dir='ltr'><strong>personam</strong></span> <span class='ocrx_word' id='word_1_482' title='bbox 2072 4667 2185 4699; x_wconf 83' lang='lat' dir='ltr'><strong>cum</strong></span> <span class='ocrx_word' id='word_1_483' title='bbox 2220 4668 2342 4701; x_wconf 79' lang='lat' dir='ltr'><strong>casu</strong></span> <span class='ocrx_word' id='word_1_484' title='bbox 2378 4654 2694 4702; x_wconf 85' lang='lat' dir='ltr'><strong>coniunctam</strong></span> <span class='ocrx_word' id='word_1_485' title='bbox 2737 4667 2769 4709; x_wconf 87' lang='grc' dir='ltr'>ς</span> <span class='ocrx_word' id='word_1_486' title='bbox 2916 4654 2969 4703; x_wconf 86' lang='lat' dir='ltr'><strong>lt</strong></span> <span class='ocrx_word' id='word_1_487' title='bbox 3008 4670 3128 4703; x_wconf 81' lang='lat' dir='ltr'><strong>eon—</strong></span> 
     </span>
     <span class='ocr_line' id='line_1_44' title="bbox 542 4718 3024 4783; baseline 0.002 -16"><span class='ocrx_word' id='word_1_488' title='bbox 542 4720 763 4767; x_wconf 79' lang='lat' dir='ltr'><strong>iunctum</strong></span> <span class='ocrx_word' id='word_1_489' title='bbox 802 4732 939 4766; x_wconf 74' lang='lat' dir='ltr'><strong>corr.</strong></span> <span class='ocrx_word' id='word_1_490' title='bbox 977 4719 1063 4765; x_wconf 90' lang='lat' dir='ltr'><strong>—ti</strong></span> <span class='ocrx_word' id='word_1_491' title='bbox 1092 4718 1132 4767; x_wconf 78' lang='lat' dir='ltr'><strong><em>C</em></strong></span> <span class='ocrx_word' id='word_1_492' title='bbox 1287 4718 1350 4767; x_wconf 83' lang='lat'><strong>16</strong></span> <span class='ocrx_word' id='word_1_493' title='bbox 1389 4718 1681 4783; x_wconf 84' lang='lat' dir='ltr'><strong>productam</strong></span> <span class='ocrx_word' id='word_1_494' title='bbox 1718 4735 1809 4767; x_wconf 83' lang='lat' dir='ltr'><strong>om.</strong></span> <span class='ocrx_word' id='word_1_495' title='bbox 1846 4721 1897 4767; x_wconf 78' lang='lat' dir='ltr'><strong>G.</strong></span> <span class='ocrx_word' id='word_1_496' title='bbox 1937 4721 2057 4770; x_wconf 78' lang='lat' dir='ltr'><strong>add.</strong></span> <span class='ocrx_word' id='word_1_497' title='bbox 2091 4735 2124 4776; x_wconf 99' lang='lat'>3</span> <span class='ocrx_word' id='word_1_498' title='bbox 2267 4722 2315 4768; x_wconf 91' lang='lat' dir='ltr'><strong>in</strong></span> <span class='ocrx_word' id='word_1_499' title='bbox 2355 4731 2471 4771; x_wconf 75' lang='lat' dir='ltr'><strong>ante</strong></span> <span class='ocrx_word' id='word_1_500' title='bbox 2507 4737 2565 4770; x_wconf 82' lang='lat' dir='ltr'><strong>en</strong></span> <span class='ocrx_word' id='word_1_501' title='bbox 2604 4739 2696 4773; x_wconf 87' lang='lat' dir='ltr'><strong>om.</strong></span> <span class='ocrx_word' id='word_1_502' title='bbox 2736 4724 2792 4774; x_wconf 83' lang='lat' dir='ltr'><strong>C.</strong></span> <span class='ocrx_word' id='word_1_503' title='bbox 2830 4725 2951 4775; x_wconf 78' lang='lat' dir='ltr'><strong>adel.</strong></span> <span class='ocrx_word' id='word_1_504' title='bbox 2990 4739 3024 4780; x_wconf 84' lang='lat'>3</span> 
     </span>
     <span class='ocr_line' id='line_1_45' title="bbox 543 4786 3129 4843; baseline 0.003 -10"><span class='ocrx_word' id='word_1_505' title='bbox 543 4788 602 4838; x_wconf 80' lang='lat'><strong>17</strong></span> <span class='ocrx_word' id='word_1_506' title='bbox 641 4798 717 4836; x_wconf 77' lang='lat' dir='ltr'><strong>est</strong></span> <span class='ocrx_word' id='word_1_507' title='bbox 752 4801 843 4835; x_wconf 86' lang='lat' dir='ltr'><strong>om.</strong></span> <span class='ocrx_word' id='word_1_508' title='bbox 881 4786 942 4843; x_wconf 87' lang='lat' dir='ltr'><strong>C,</strong></span> <span class='ocrx_word' id='word_1_509' title='bbox 982 4787 1106 4836; x_wconf 80' lang='lat' dir='ltr'><strong>add.</strong></span> <span class='ocrx_word' id='word_1_510' title='bbox 1142 4801 1177 4842; x_wconf 83' lang='grc' dir='ltr'>ς</span> <span class='ocrx_word' id='word_1_511' title='bbox 1320 4790 1386 4836; x_wconf 81' lang='grc'><strong>23</strong></span> <span class='ocrx_word' id='word_1_512' title='bbox 1421 4802 1670 4838; x_wconf 82' lang='lat' dir='ltr'><strong>conuersa</strong></span> <span class='ocrx_word' id='word_1_513' title='bbox 1707 4800 1741 4843; x_wconf 83' lang='lat'>3</span> <span class='ocrx_word' id='word_1_514' title='bbox 1814 4803 2061 4839; x_wconf 81' lang='lat' dir='ltr'><strong>conuerso</strong></span> <span class='ocrx_word' id='word_1_515' title='bbox 2104 4791 2144 4839; x_wconf 88' lang='lat' dir='ltr'><em>C</em></span> <span class='ocrx_word' id='word_1_516' title='bbox 2281 4792 2347 4840; x_wconf 76' lang='lat'><strong>34</strong></span> <span class='ocrx_word' id='word_1_517' title='bbox 2382 4802 2431 4840; x_wconf 80' lang='lat' dir='ltr'><strong>et</strong></span> <span class='ocrx_word' id='word_1_518' title='bbox 2468 4792 2664 4840; x_wconf 80' lang='lat' dir='ltr'><strong>abiecta</strong></span> <span class='ocrx_word' id='word_1_519' title='bbox 2696 4792 2811 4841; x_wconf 87' lang='lat' dir='ltr'><strong>bam</strong></span> <span class='ocrx_word' id='word_1_520' title='bbox 2840 4793 2883 4842; x_wconf 85' lang='lat' dir='ltr'><em>C</em></span> <span class='ocrx_word' id='word_1_521' title='bbox 2952 4803 3000 4842; x_wconf 82' lang='lat' dir='ltr'><strong>et</strong></span> <span class='ocrx_word' id='word_1_522' title='bbox 3037 4794 3129 4842; x_wconf 83' lang='lat' dir='ltr'><strong>ad·</strong></span> 
     </span>
     <span class='ocr_line' id='line_1_46' title="bbox 537 4856 859 4907; baseline 0.003 -1"><span class='ocrx_word' id='word_1_523' title='bbox 537 4857 641 4906; x_wconf 80' lang='lat' dir='ltr'><strong>dita</strong></span> <span class='ocrx_word' id='word_1_524' title='bbox 673 4856 789 4903; x_wconf 79' lang='lat' dir='ltr'><strong>bam</strong></span> <span class='ocrx_word' id='word_1_525' title='bbox 824 4866 859 4907; x_wconf 75' lang='grc' dir='ltr'>ς</span> 
     </span>
    </p>
   </div>
  </div>
 </body>
</html>
