3576 5595
577 409 703 472 486
1688 408 2052 470 PlllSClANl

684 539 727 580 ρ.
759 528 870 570 1²⁴⁰.
897 528 949 567 50
978 528 1025 568 r.
2742 535 2785 575 ρ.
2816 523 2904 563 ³19.
2934 522 2984 562 ω
3012 521 3066 562 κ.

581 617 996 679 personarum,
1056 606 1119 659 ut
1173 605 1361 658 statur
1414 596 1654 657 sedetur
1706 603 1937 656 amatur
1978 596 2301 673 quiescitur
2340 595 2472 656 itur.
2563 603 2806 674 excepta
2853 613 2991 654 vero
3033 601 3172 654 sunt

505 747 513 756 .
581 700 855 777 contingo
915 697 1230 776 contingit,
1287 698 1490 777 placeo
1547 682 1768 776 placet,
1827 696 2028 757 evenio
2084 697 2304 768 evenit,
2362 714 2501 756 vaco
2554 704 2757 769 vacat,
2815 696 2948 758 iuvo
2994 695 3171 766 iuvat,

452 903 547 958 116

460 2026 550 2076 117

462 3252 555 3303 118

579 802 639 861 in
690 801 904 879 quibus
949 800 1154 860 tertiae
1215 799 1435 860 activae
1489 816 1778 878 personae
1837 797 1923 857 vel
1981 797 2230 858 neutrali
2285 797 2494 859 similia
2557 806 2694 858 sunt
2734 795 3167 876 impersonalia.

584 921 718 964 nam
767 903 1025 984 paenitet
1069 901 1261 962 taedet
1305 902 1460 980 piget
1516 899 1696 979 pudet
1739 899 1876 960 licet
1930 898 2068 959 libet
2115 899 2358 978 positiva
2402 907 2569 970 sunt,
2617 899 2879 977 quamvis
2920 898 3073 959 libeo
3113 906 3174 957 et

582 1004 729 1065 liceo
773 1004 1037 1078 dicatnr3
1086 1002 1188 1063 sed
1238 1002 1477 1063 alterius
1517 1011 1655 1062 sunt
1701 1000 2163 1078 significationis.
2254 1000 2406 1061 libeo
2458 1001 2611 1060 euim
2656 990 2718 1057 τὸ
2756 998 3169 1075 πελιδνοῦμαι,
3217 1011 3244 1050 ⁵

583 1106 732 1165 liceo
774 1105 859 1165 vel
902 1105 1083 1165 liceor
1142 1094 1593 1182 ὖπερθεματίζω
1629 1102 1935 1179 significat.
2027 1101 2414 1178 antiquissimi
2461 1111 2654 1161 tamen
2699 1107 2751 1160 et
2801 1102 3072 1180 paeniteo
3114 1109 3173 1160 et

582 1206 776 1286 pudeo
822 1214 878 1266 et
924 1207 1097 1285 pigeo
1134 1213 1191 1266 et
1236 1206 1486 1266 misereo
1527 1204 1817 1264 dicebant.
1910 1222 2124 1263 nomen
2159 1202 2386 1263 verbale
2434 1203 2519 1261 vel
2560 1202 2922 1282 participiale
2962 1202 3173 1263 landus

584 1307 754 1368 sanda
799 1307 1057 1368 fandum.
1146 1307 1424 1386 pleraque
1464 1306 1619 1366 enim
1666 1304 1838 1365 verba
1885 1304 2059 1365 etiam
2105 1304 2153 1364 si
2202 1304 2501 1383 participia
2546 1305 2734 1363 sutura
2780 1304 3009 1382 passiva
3055 1322 3171 1365 non

581 1409 829 1481 habent,
892 1409 1128 1469 nomina
1185 1417 1381 1469 tamen
1440 1409 1660 1469 formae
1729 1406 2134 1467 huiuscemodi
2193 1405 2470 1484 pleraque
2518 1405 2733 1465 habere
2781 1403 3173 1465 inveniuntur.

582 1509 878 1590 praeteriti
927 1527 1161 1588 quoque
1203 1509 1478 1589 pleraque
1522 1509 1827 1589 participia
1875 1508 1934 1567 in
1982 1515 2078 1567 tus
2123 1506 2399 1567 desinunt
2428 1514 2487 1566 et
2529 1515 2755 1567 mutant
2799 1507 2958 1567 usin
2999 1526 3069 1567 or
3111 1514 3246 1567 etto

583 1611 806 1672 faciunt
863 1630 1078 1672 nomen
1126 1611 1384 1684 verbale,
1441 1621 1504 1672 ut
1561 1619 1790 1671 amatus
1839 1616 2096 1680 amator,
2154 1608 2362 1668 doctus
2418 1608 2656 1680 doctor,
2715 1607 2904 1667 lectus
2969 1607 3172 1680 lector,

582 1713 844 1775 munitus
904 1712 1175 1773 munitor.
1267 1714 1350 1774 sic
1415 1732 1555 1791 ergo
1623 1714 1776 1773 satus
1832 1712 1982 1771 sator
2041 1727 2356 1789 possumus
2414 1708 2625 1769 dicere.
2716 1709 2934 1786 antiqui
2982 1716 3172 1768 tamen

584 1815 760 1876 etiam
819 1814 1048 1894 passive
1103 1814 1476 1892 proferebant
1536 1817 1689 1875 satus
1748 1833 1858 1893 pro
1913 1812 2105 1872 dictus
2154 1812 2434 1872 dicentes.
2527 1810 2681 1871 unde
2728 1813 2908 1871 satum
2952 1809 3172 1869 dictum

585 1926 644 1977 et
687 1917 912 1978 iussum
959 1914 1070 1975 dei.
1160 1916 1215 1975 id
1263 1916 1416 1976 enim
1466 1935 1598 1976 esse
1646 1916 1783 1975 dicit
1828 1913 2048 1974 Plato
2092 1913 2306 1984 satum,
2354 1913 2704 1972 voluntatem
2751 1921 2811 1972 et
2854 1912 3173 1973 iussionem

585 2019 698 2078 dei.
789 2017 903 2078 Fac
948 2017 1338 2096 compositum
1381 2017 1453 2078 ab
1500 2036 1571 2077 eo
1615 2016 1770 2093 quod
1817 2013 1907 2077 est
1953 2016 2058 2076 for.
2126 2013 2306 2074 Adfor
2347 2014 2564 2075 adsaris
2609 2014 2867 2086 adfatur,
2917 2019 2979 2075 ut
3018 2013 3172 2093 apud
3197 2024 3246 2064 ⁸⁵

583 2118 975 2197 Virgilium
1024 2119 1081 2178 in
1129 2120 1387 2180 secundo
1439 2118 1813 2208 :Aeneidos
2554 2193 2561 2198 .

890 2219 1343 2296 adfaturque
1385 2222 1393 2297 Ι
1431 2219 1608 2281 deos
1656 2227 1722 2279 et
1768 2226 2102 2279 sanctum
2145 2216 2347 2277 sidus
2394 2217 2680 2277 adorat.

587 2330 644 2382 et
695 2322 1034 2392 sciendum,
1076 2321 1230 2397 quod
1275 2322 1575 2382 rarissime
1615 2320 1897 2399 simplicis
1943 2319 2129 2399 prima
2175 2337 2427 2398 persona
2473 2317 2765 2379 invenitur
2810 2319 2866 2378 in
2907 2338 3016 2379 usu
3065 2319 3172 2391 sor,

586 2422 881 2501 quomodo
927 2429 985 2480 ct
1015 2418 1044 2503 Η
1072 2420 1196 2482 dor.
1287 2421 1412 2502 ipsa
1460 2442 1554 2483 res
1603 2424 1755 2482 satus
1801 2431 1857 2481 et
1904 2422 2041 2481 satio
2090 2429 2147 2480 et
2206 2421 2405 2480 fatum.
2498 2419 2633 2480 inde
2678 2428 2886 2500 putant
2940 2420 3174 2498 quidam

588 2524 760 2585 etiam
815 2525 902 2584 sas
952 2532 1009 2584 et
1065 2527 1229 2585 nefas
1275 2524 1496 2584 dictum
1541 2543 1715 2596 esse,
1760 2524 1916 2600 quod
1964 2523 2179 2582 iustum
2226 2530 2315 2582 est
2360 2522 2472 2582 dici
2518 2521 2605 2581 vel
2650 2523 2849 2582 taceri.
2940 2542 3007 2583 ex
3053 2532 3245 2600 quo²⁰

588 2626 718 2686 fasti
776 2636 834 2685 et
890 2627 1101 2687 nefasti
1155 2626 1282 2686 dies
1341 2635 1399 2686 et
1455 2626 1588 2686 fasti
1635 2617 1704 2683 τὰ
1754 2612 2124 2702 ἧμερολόγια.
2217 2625 2336 2683 Cur
2383 2622 2752 2703 participium
2802 2624 2977 2684 huius
3017 2624 3174 2685 verbi

588 2728 902 2809 praeterito
944 2736 1208 2808 tempore
1248 2747 1278 2787 a
1320 2727 1496 2789 habet
1529 2736 1664 2787 ante
1711 2725 1853 2786 tus?
1899 2725 2045 2796 Quia
2094 2724 2286 2784 omnia
2320 2742 2472 2802 quae
2512 2724 2570 2784 in
2610 2725 2696 2784 avi
2745 2726 2966 2785 faciunt
3007 2745 3177 2806 prae-

589 2831 822 2891 teritum
869 2831 926 2891 in
975 2831 1176 2891 activis
1223 2838 1280 2891 et
1324 2831 1516 2890 omnia
1564 2828 1896 2889 communia
1951 2827 2034 2886 vel
2082 2826 2432 2905 deponentia
2484 2826 2702 2905 primae
2748 2828 3176 2905 coniugationis

586 2932 646 2992 in
693 2942 853 3005 atus„
894 2952 924 2994 a
959 2933 1313 3012 paenultima
1355 2931 1670 3011 producta,
1718 2930 2014 3008 praeteriti
2054 2929 2425 3007 participium
2458 2928 2699 3001 faciunt,
2731 2936 2793 2988 ut
2825 2948 2957 2988 amo
2988 2930 3172 2989 amavi

588 3043 846 3107 amatuS‚
897 3053 1110 3096 accuso
1142 3034 1407 3094 accusavi
1455 3041 1800 3104 accusatus,
1848 3030 2084 3092 osculor
2120 3029 2450 3102 osculatuS‚
2492 3031 2771 3090 criminor
2811 3031 3172 3104 criminatus,
3193 3042 3246 3084 ²5

586 3153 764 3213 vagor
808 3144 1045 3214 vagatus
1071 3183 1087 3209 ‚
1130 3136 1322 3197 luctor
1367 3134 1638 3195 luctatus.

759 3238 1191 3298 Lacrimans
1236 3255 1386 3314 quae
1432 3255 1568 3315 pars
1617 3234 1900 3296 orationis
1942 3232 2074 3293 est?
2121 3233 2516 3314 participium.
2607 3234 2757 3304 Quid
2805 3242 2895 3293 est
2940 3234 3177 3312 partici-

589 3337 790 3417 pium?
828 3339 968 3400 Pars
1013 3339 1294 3399 orationis
1343 3347 1566 3417 partem
1613 3337 1852 3416 capiens
1890 3335 2144 3395 nominis
2187 3344 2531 3413 partemque
2572 3335 2748 3395 verbi.
2824 3336 2981 3405 Quot
3020 3336 3177 3396 acci-

587 3440 733 3500 dunt
798 3438 1148 3519 participio?
1232 3441 1491 3518 Septem.
1577 3437 1781 3509 Quae?
1870 3438 2068 3497 Genus
2129 3455 2408 3497 numerus
2463 3439 2648 3514 figura
2705 3455 2877 3497 casus
2930 3445 3175 3517 tempus

587 3541 934 3618 significatio
974 3542 1176 3601 forma.
1269 3539 1449 3601 Cuius
1494 3549 1584 3600 est
1630 3537 1905 3616 generis?
1972 3538 2313 3598 Communis
2367 3539 2539 3599 trium
2586 3557 2884 3616 generum.
2977 3540 3243 3599 omniaso

588 3644 741 3702 enim
789 3642 1094 3722 participia
1141 3643 1471 3722 praesentia
1529 3642 1701 3702 trium
1745 3658 2027 3718 generum
2080 3648 2219 3700 sunt
2263 3648 2321 3699 et
2358 3640 2415 3699 in
2454 3640 2601 3699 duas
2647 3640 2924 3701 desinunt
2966 3659 3177 3700 conso-

591 3752 818 3817 nantes,
868 3762 904 3803 n
952 3752 1009 3803 et
1065 3765 1113 3805 s.
1207 3762 1338 3804 nam
1400 3744 1507 3804 etsi
1575 3742 1918 3803 naturaliter
1976 3743 2259 3819 quaedam
2319 3741 2490 3801 verba
2546 3741 2616 3800 ad
2673 3741 2833 3802 solos
2880 3743 3176 3822 pertinent

730 3965 750 4014 1
805 3974 923 4014 sunt
965 3980 995 4013 a
1033 3965 1274 4030 contingo
1315 3964 1401 4014 GS
1433 3973 1550 4014 sunt
1593 3980 1619 4012 a
1667 3963 1844 4028 placeo
1890 3963 2052 4028 placet
2096 3964 2157 4012 ab
2203 3963 2376 4011 accido
2424 3963 2605 4012 accidit
2654 3977 2681 4010 a
2721 3965 2960 4030 contingo
2999 3965 3041 4014 C

587 4035 619 4087 3
652 4035 830 4085 tertiae
859 4035 1045 4084 similia
1082 4045 1199 4084 sunt
1226 4036 1418 4087 actiuae
1456 4049 1704 4099 personae
1743 4033 1824 4080 ucl
1856 4034 2072 4082 neutrali
2115 4033 2459 4097 inpersonalia
2501 4033 2923 4098 (inpersonalium
2949 4032 3013 4085 S)
3052 4034 3180 4084 C'GS

725 4106 756 4152 4
797 4105 914 4153 libet
968 4104 1121 4167 liquet
1162 4114 1360 4169 oportet
1407 4104 1612 4152 miseret
1660 4103 1803 4150 decet
1848 4104 2145 4167 possessiua
2180 4111 2298 4151 sunt
2335 4101 2375 4150 C
2514 4105 2544 4148 5
2592 4102 2720 4150 libeo
2762 4130 2823 4136 —-
2858 4104 2890 4152 u
2921 4104 3175 4168 significat

587 4188 680 4223 om.
718 4172 759 4220 S
895 4192 956 4224 ‘ro
1003 4185 1387 4223 UEAYANOYMM
1424 4175 1466 4222 0
1514 4186 1575 4221 ‘ro
1614 4186 1991 4222 uuamaormt
2042 4175 2085 4222 G
2230 4171 2264 4222 6
2310 4167 2696 4229 immonni-go
2750 4188 2886 4222 corr.
2925 4175 2975 4221 in
3014 4187 3170 4235 mary.

588 4256 999 4293 rasponum-izin
1040 4243 1083 4291 G
1122 4257 1509 4292 εηνθΕιΑτγΖω
1547 4243 1587 4291 C
1629 4231 2003 4305 ἕπιθεματίζω
2044 4241 2167 4291 ΑΜ.
2350 4241 2411 4290 13
2455 4239 2611 4288 satum
2651 4239 2840 4290 dictum
2890 4252 2937 4289 et
2979 4242 3173 4290 iussum

588 4313 669 4362 dei
717 4311 900 4361 deinde
938 4312 1073 4359 enim
1124 4312 1243 4361 dicit
1284 4327 1397 4360 esse
1435 4313 1476 4362 C
1527 4310 1685 4360 satum
1727 4326 1818 4375 pro
1859 4311 2047 4360 dictum
2090 4323 2137 4359 et
2178 4310 2370 4358 iussum
2410 4309 2489 4356 dei
2533 4309 2584 4355 id
2623 4310 2754 4357 enim
2788 4312 2905 4360 dicit
2935 4313 2978 4361 G
3016 4310 3173 4359 satum

588 4380 775 4430 (lictum
810 4391 886 4430 cst
922 4382 1027 4430 ad*
1049 4402 1072 4429 ιι
1105 4382 1256 4441 (adeo
1289 4385 1343 4437 ε)
1383 4381 1431 4429 id
1464 4381 1596 4428 enim
1630 4395 1743 4427 csse
1772 4381 1900 4429 dixit
1933 4378 1974 4425 S
2113 4380 2172 4428 16
2209 4380 2257 4426 in
2292 4378 2514 4427 secundo
2554 4378 2825 4444 Aeneidos]
2864 4397 2890 4427 υ
2936 4379 3039 4429 700

586 4453 654 4499 25
693 4450 889 4498 amatits
926 4466 1108 4500 accuso
1139 4451 1375 4499 accusaui
1413 4459 1677 4498 accusatus
1706 4450 1865 4498 luctor
1894 4450 1957 4496 lu·
1979 4456 2111 4498 tatus
2148 4449 2349 4498 osculor
2378 4447 2635 4496 osculatus
2669 4449 2908 4496 criminor
2940 4450 3176 4498 crimina-

590 4529 671 4568 tus
709 4519 751 4567 S
794 4530 991 4568 amatus
1037 4521 1238 4569 osculor
1283 4520 1539 4567 osculatus
1577 4518 1815 4567 criminor
1854 4518 2149 4566 criminatus
2196 4532 2359 4579 nagor
2398 4525 2614 4580 «uagatus
2656 4516 2697 4564 C
2730 4527 2926 4564 amatus
2976 4518 3176 4567 osculor

592 4588 849 4643 osculatus
886 4590 1124 4637 criminor
1162 4589 1457 4637 criminatus
1492 4590 1536 4637 G
1674 4590 1738 4636 ⁸27
1781 4588 1911 4645 Quid
1956 4594 2032 4635 cst
2069 4615 2134 4624 -
2172 4588 2242 4633 :30
2282 4586 2441 4633 forma
2475 4601 2565 4636 om.
2606 4582 2648 4630 S
2783 4588 2850 4632 ‘29
2891 4585 3094 4649 Septem
3132 4589 3175 4637 G

590 4658 659 4703 Vl
701 4659 741 4703 C
879 4658 1042 4721 ligura
1077 4674 1167 4707 om.
1204 4660 1244 4706 C
1383 4658 1446 4707 32
1482 4657 1544 4705 ad
1573 4672 1740 4705 mares
1779 4658 2030 4721 pertinent
2070 4664 2124 4704 ut
2168 4656 2309 4704 l'utuo
2344 4653 2614 4718 deuirgiuo
2654 4654 2732 4701 ucl
2772 4653 2835 4702 ad
2868 4653 3086 4703 feminas
3122 4666 3174 4705 ut

593 4725 765 4773 l'utuor
815 4727 972 4774 nubor
1014 4728 1312 4792 deuii-ginor
1356 4741 1629 4792 possumus
1670 4737 1832 4774 tamen
1874 4727 1921 4773 in
1961 4724 2001 4772 S
2047 4726 2108 4773 ad
2154 4725 2291 4773 solos
2329 4724 2579 4789 pertinent
2619 4737 2783 4771 mares
2824 4724 3069 4786 quaedam
3109 4727 3175 4773 ad

594 4794 810 4841 feminas
849 4803 901 4841 ut
951 4795 1090 4843 sutuo
1139 4797 1218 4844 uel
1258 4797 1553 4859 denirginor
1590 4810 1864 4860 possumus
1905 4802 2073 4843 autem
2115 4794 2237 4843 haec
2276 4794 2324 4841 in
2367 4794 2408 4842 C
2441 4792 2506 4841 ad
2544 4792 2680 4840 solos
2718 4795 2972 4857 pertinent
3008 4809 3173 4844 mares

593 4868 648 4906 ut
687 4858 828 4907 futuo
866 4863 945 4909 uel
977 4863 1246 4927 denirgino
1283 4879 1556 4928 possumus
1586 4874 1751 4913 antem
1785 4863 1908 4912 haec
1943 4865 1991 4911 iu
2033 4867 2073 4913 (ι’
