3576 5595
516 423 560 471 x
1609 413 2027 478 PRAEFATIO

516 599 697 687 toph.
745 598 919 664 Pluti
963 623 1028 666 v.
1074 602 1198 665 236
1242 598 1360 683 (cf.
1403 600 1599 664 etiam
1647 599 2066 686 Spengelium
2107 599 2399 688 Varr..p.
2439 602 2590 686 629)
2647 600 2836 685 dicit,
2876 625 3102 670 omnes

516 703 692 768 locos
739 725 823 767 ex
862 702 1328 788 Aristophanis
1361 702 1553 767 Pluto
1586 702 2022 788 Nubibusque
2065 704 2335 789 petitos,
2380 725 2541 790 quos
2579 697 2927 770 Putschius
2970 729 3101 795 non

515 806 853 887 exhibeat,
922 808 989 867 in
1045 804 1323 887 Aldina,
1385 826 1551 889 quae
1606 812 1764 867 vett.
1824 805 1965 868 scil.
2024 805 2173 869 edd.
2241 808 2310 870 in
2361 807 2463 870 his
2527 808 2851 893 sequitur,
2923 819 3099 874 ortos

514 929 656 971 esse
702 916 764 970 ‘e
801 907 975 970 mala
1022 906 1370 970 sedulitate
1409 904 1686 969 alicuius
1722 904 1947 969 forsan
1985 904 2251 971 lacunas
2296 909 2562 995 explere
2604 909 2988 993 studentis’‚
3034 910 3100 975 id
3147 980 3164 985 ,

513 1011 606 1071 ita
650 1008 951 1094 equidem
993 1031 1235 1093 augere
1266 1008 1515 1088 ausim,
1555 1016 1628 1071 ut
1657 1008 2045 1072 contendam
2078 1031 2300 1073 omnes
2342 1011 2548 1093 locos,
2591 1033 2753 1097 quos
2797 1012 3097 1098 equidem

511 1113 582 1175 in
627 1112 728 1176 ed.
773 1132 918 1174 mea
959 1133 1086 1174 non
1142 1112 1213 1174 in
1269 1109 1617 1174 verborum
1674 1109 1969 1173 ordinem
2030 1113 2415 1198 receperim,
2471 1114 2765 1200 exceptis
2817 1114 3098 1177 fortasse

512 1213 643 1278 illis
691 1211 979 1295 duobus,
1023 1211 1141 1276 tali
1183 1209 1672 1296 interpolationi
1720 1213 2040 1295 originem
2089 1213 2347 1277 debere.
2438 1214 2733 1279 Putschii
2771 1238 2926 1280 vero
2966 1238 3097 1279 me-

509 1316 635 1378 rita
680 1314 835 1377 inde
891 1322 1247 1398 augentur,
1303 1312 1476 1398 quod
1528 1335 1645 1398 per
1701 1320 2063 1376 extremam
2120 1313 2287 1378 hanc
2346 1316 2496 1380 lib⁸ri
2553 1315 2790 1378 XVIII
2844 1328 3094 1402 partem

507 1419 755 1503 primus
813 1424 1104 1480 veterum
1162 1415 1474 1479 librorum
1529 1413 1874 1478 lectionem
1941 1416 2024 1479 ad
2086 1414 2502 1480 collationem
2566 1418 2882 1504 imprimis
2950 1418 3093 1483 cod.

508 1518 914 1604 Scaligerani
969 1518 1400 1582 instauratam
1457 1515 1682 1580 scdulo
1737 1517 2025 1601 protulit.
2116 1519 2330 1603 ipsum
2404 1518 2848 1601 Priscianum,
2909 1521 3093 1583 cuius

505 1621 799 1685 ordinem
856 1618 1336 1705 apospasmatio
1396 1616 1506 1680 illo
1550 1617 2041 1703 minoribusque
2099 1619 2493 1706 quibusdam
2550 1619 2954 1685 emblematis
2999 1623 3092 1685 in·

505 1724 695 1785 sertis
736 1744 852 1806 per
895 1721 1064 1783 hanc
1103 1721 1298 1783 etiam
1346 1720 1559 1804 operis
1616 1726 1866 1805 partem
1918 1722 2165 1806 passim
2221 1722 2553 1785 turbatum
2597 1743 2743 1785 esse
2786 1722 3092 1804 vidimus,

503 1846 624 1911 per
666 1823 1118 1887 ‘Atticismos'
1166 1821 1385 1884 ubivis
1446 1820 1641 1907 plene
1700 1828 2031 1883 servatum
2086 1844 2229 1908 esse
2268 1845 2399 1887 non
2454 1823 2932 1889 contenderim:
2979 1847 3093 1888 ex-

505 1926 805 1989 ciderunt
850 1933 1022 1987 certe
1069 1923 1462 2009 aliquotiens
1500 1921 1802 2007 exempla
1845 1925 2230 2008 praesertim
2263 1925 2553 2006 Graeca,
2597 1945 2810 2010 neque
2857 1926 3092 1990 desunt

503 2027 803 2114 exempla
849 2024 1076 2089 talium
1134 2024 1513 2088 lacunarum
1575 2022 1961 2104 manifesta,
2025 2026 2324 2109 quamvis
2383 2025 2449 2088 in
2507 2026 2589 2088 iis
2632 2025 3087 2110 significandis

500 2127 694 2215 paulo
731 2128 927 2191 nimis
972 2125 1305 2190 sedulitati
1340 2124 1660 2189 Prisciani
1707 2124 1992 2187 confisus
2034 2147 2178 2189 esse
2210 2125 2511 2189 videatur
2539 2126 2948 2212 SpengeliuS,
2983 2129 3087 2192 vir

502 2239 825 2313 ceterum,
890 2228 960 2291 id
1012 2228 1188 2314 quod
1245 2248 1469 2291 omnes
1519 2227 1764 2307 sciunt,
1831 2226 1910 2290 de
1970 2234 2106 2290 tota
2157 2226 2518 2314 hacparte
2567 2229 2971 2291 recensenda
3025 2238 3089 2292 et

505 2330 912 2394 emendanda
954 2328 1128 2392 ultra
1182 2328 1410 2392 laudes
1468 2350 1647 2390 meas
1693 2328 1991 2404 meritus,
2047 2328 2130 2391 ad
2187 2329 2482 2411 singulas
2526 2351 2685 2392 usus
2730 2330 3087 2394 varietates

503 2454 543 2495 a
582 2433 920 2495 Prisciano
951 2431 1320 2517 propositas
1364 2429 1623 2514 singula
1655 2451 1977 2515 quaerens
2020 2428 2341 2514 exempla.
2400 2429 2468 2492 id
2497 2429 2669 2515 quod
2698 2429 2782 2493 ab
2826 2438 3086 2494 auctore

501 2555 632 2596 non
676 2543 808 2596 tam
867 2533 1063 2595 anxie
1119 2538 1445 2595 servatum
1506 2551 1653 2593 esse
1703 2529 1892 2593 multi
1946 2530 2072 2594 loci
2116 2530 2342 2593 Latini
2401 2530 2744 2595 ostendere
2788 2541 3084 2649 possunt,

507 2636 617 2722 qui
680 2633 921 2697 talibus
979 2631 1495 2697 dubitationibus
1559 2631 1677 2695 vix
1736 2652 1964 2693 ansam
2022 2631 2371 2718 praebent,
2434 2633 2737 2718 quamvis
2789 2654 2913 2712 nec
2955 2634 3084 2719 ipsi

502 2738 765 2822 plenam
823 2733 1268 2820 exemploium
1342 2733 1636 2796 tabulam
1696 2733 1905 2799 variis
1961 2733 2190 2797 usibus
2245 2733 2313 2796 in
2367 2731 2672 2799 lemmate
2734 2735 3085 2829 propositis

497 2845 964 2922 congruentem
1004 2837 1405 2900 contineant.

580 2945 585 2950 ’
672 2938 997 3025 Equidem
1041 2936 1184 3004 cod.
1224 2937 1283 3001 R
1329 2945 1394 3000 et
1435 2959 1566 2999 una
1600 2958 1749 3001 cum
1807 2957 1882 3000 eo
1923 2937 2074 3001 inde
2110 2958 2150 2999 a
2192 2937 2304 3000 lib.
2344 2936 2585 3001 XVIII
2631 2942 2672 3020 ἓ
2713 2939 2794 3001 92
2835 2939 2977 3003 cod.
3021 2939 3083 3002 V

494 3042 901 3129 potissimum
962 3047 1223 3101 secutus
1281 3037 1617 3124 archetypi
1675 3039 2026 3123 imaginem
2081 3041 2425 3103 restituere
2488 3049 2761 3104 conatus
2821 3063 3000 3122 sum,
3042 3062 3083 3103 a

493 3165 619 3229 quo
666 3163 888 3206 omnes
935 3139 1089 3204 libri
1146 3141 1353 3204 nostri
1395 3140 1704 3225 pendent.
1771 3161 1903 3225 qua
1953 3141 2020 3202 in
2073 3162 2144 3202 re
2189 3141 2534 3205 arlibrario
2594 3141 2736 3206 cod.
2779 3143 2857 3224 R,
2903 3142 3077 3205 fidis-

492 3246 656 3309 simo
704 3267 779 3309 eo
815 3264 1024 3329 usque
1070 3243 1325 3326 comite,
1374 3242 1482 3306 lib.
1524 3241 1766 3305 XVIII
1814 3245 1852 3322 ξ
1900 3244 2022 3304 279
2069 3241 2422 3306 destitutus
2486 3265 2660 3324 sum,
2718 3265 2866 3307 cum
2910 3245 2966 3306 is
3010 3245 3078 3307 in

491 3368 634 3410 voc.
683 3345 1060 3430 ‘genetivo’
1108 3342 1465 3406 desineret:
1516 3344 1804 3427 suscepit
1862 3343 2001 3406 eius
2032 3345 2437 3430 provinciam
2480 3342 2565 3407 al.
2607 3366 2691 3407 m.
2737 3365 2944 3431 usque
2991 3346 3077 3408 ad

492 3440 922 3511 οἰκειοτάτων
968 3449 1006 3524 ξ
1042 3445 1192 3526 2883
1242 3454 1539 3507 extrema
1581 3466 1736 3508 vero
1782 3442 2040 3507 addidit
2089 3466 2318 3508 manus
2371 3446 2756 3509 correctoris
2799 3468 2867 3528 r,
2910 3467 3078 3532 quae

492 3549 751 3612 Graeca
780 3546 985 3610 multa
1027 3546 1258 3609 omisit.
1320 3545 1421 3607 his
1466 3545 1803 3608 codicibus
1845 3548 1954 3631 qui
1987 3554 2326 3631 praeterea
2356 3546 2744 3611 accederent
2772 3549 3076 3633 quodque

492 3672 713 3715 eorum
768 3648 1051 3734 pretium
1097 3655 1270 3709 esset
1316 3646 1733 3710 statuendum
1780 3647 1940 3710 satis
1986 3646 2138 3712 olim
2186 3649 2492 3732 exposui:
2551 3646 2657 3711 hic
2703 3648 3076 3712 addendum

491 3760 590 3817 est
635 3749 1048 3814 collationem
1097 3745 1588 3832 Scaligeranam
1634 3747 1781 3833 (C),
1830 3769 1999 3834 quae
2031 3748 2114 3812 ab
2146 3748 2395 3815 editore
2440 3750 2836 3831 Oxoniensi‚
2881 3772 3072 3836 quem

489 3877 537 3918 x
583 3854 777 3917 litera
832 3852 1125 3934 signavi,
1178 3849 1424 3936 publici
1484 3850 1645 3913 iuris
1701 3849 1880 3912 facta
1933 3857 2060 3929 est,
2117 3851 2197 3913 iis
2249 3860 2502 3913 tantum
2554 3850 2722 3914 locis
2773 3859 3076 3914 testatam

490 3979 666 4036 esse,
711 3954 826 4017 ubi
871 3953 1112 4017 mentio
1152 3954 1293 4016 eius
1337 3952 1581 4014 iniecta
1618 3960 1749 4032 est3
1813 3951 1958 4037 ipsa
2003 3973 2159 4015 vcro
2207 3950 2368 4013 haec
2410 3950 2671 4015 collatio
2708 3973 2902 4038 saepe
2946 3976 3077 4018 non

487 4067 619 4121 tam
660 4057 974 4120 lectiones
1008 4053 1157 4118 libri
1187 4055 1393 4140 ipsius
1424 4055 1665 4117 veteris
1710 4073 1785 4114 ac
1832 4054 1992 4116 satis
2040 4052 2194 4116 boni
2226 4053 2547 4132 continet,
2592 4063 2854 4137 praeter
2884 4077 3076 4140 quem

488 4159 731 4245 passim
776 4153 1028 4239 a.(lius)
1070 4155 1363 4241 c.(odex)
1413 4153 1747 4220 consultus
1795 4162 1926 4235 est,
1969 4175 2172 4245 quam
2218 4174 2328 4234 ea,
2388 4173 2556 4239 quae
2597 4176 2684 4216 ex
2716 4154 2817 4217 his
2857 4155 3074 4219 lectio-

490 4259 683 4322 nibus
729 4260 870 4345 ipse
916 4256 1211 4341 Scaliger
1253 4255 1591 4341 procudit3
1655 4254 2093 4339 Scaligeranis
2139 4255 2319 4318 hisce
2364 4255 2852 4319 emendationes
2894 4278 3074 4342 egre-

488 4361 630 4444 gias
679 4360 895 4423 inesse
943 4381 1072 4423 non
1116 4368 1217 4422 est
1262 4357 1436 4444 quod
1481 4379 1812 4421 moneam:
1859 4354 2253 4441 aliquotiens
2292 4356 2526 4441 igitur,
2568 4355 2682 4420 ubi
2718 4379 2822 4421 res
2869 4359 3072 4420 mani-

489 4460 659 4524 festa
706 4471 877 4541 erat,
925 4462 1128 4545 ipsius
1169 4458 1489 4542 Scaligeri
1533 4480 1767 4522 nomen
1813 4479 1928 4541 pro
1977 4455 2029 4520 C
2073 4459 2368 4542 apposui.

657 4559 865 4623 Multo
921 4560 1178 4644 plenior
1235 4582 1392 4624 sane
1439 4559 1685 4623 codicis
1734 4557 1792 4622 Ο
1850 4568 1951 4622 est
1989 4557 2250 4649 collatio
2303 4581 2345 4622 a
2389 4559 2719 4624 Presselio
2772 4558 3072 4622 confecta

489 4672 555 4726 et
598 4662 667 4724 in
712 4661 1092 4723 universum
1148 4664 1309 4725 satis
1365 4658 1564 4723 fidam
1618 4667 1794 4723 certe
1853 4657 2005 4723 libri
2062 4682 2181 4722 ms.
2225 4660 2444 4724 reddit
2490 4661 2874 4744 imaginem:
2920 4680 3070 4724 ‚non

488 4784 711 4828 omnes
752 4769 972 4824 tamen
1015 4782 1119 4824 res
1159 4761 1386 4823 eadem
1446 4760 1804 4823 attentione
1855 4760 2199 4846 amplexus
2257 4770 2358 4825 est
2409 4760 2806 4841 PresseliuS,
2862 4758 3069 4823 veluti

487 4864 557 4927 in
601 4862 874 4927 Graecis
920 4859 1096 4925 locos
1140 4858 1555 4942 Homericos,
1616 4861 1684 4924 in
1729 4860 1988 4923 Latinis
2044 4860 2548 4947 orthographiae
2593 4862 3068 4949 discrepantias
