3576 5595
1353 421 1580 484 LIBER
1629 422 1774 484 XVI!
1820 432 2048 487 19--22
2876 422 2987 484 121

517 551 560 592 p.
592 539 693 580 loto
721 537 763 580 Ρ.
1918 534 1927 541 ’
2602 551 2643 591 p.
2674 540 2735 581 ¹⁷.
2765 539 2815 580 18
2843 537 2894 581 K.

414 619 549 673 aute
589 609 761 671 dictis
808 608 1089 691 partibus.
1170 627 1312 689 ergo
1351 616 1556 671 natura
1600 608 1835 688 quidem
1878 610 2171 690 posterior
2210 619 2332 684 est,
2380 610 2818 673 constructione
2862 630 2997 673 vero

415 712 771 794 principalis

579 814 931 876 Adverbium
975 834 1113 876 vero
1168 814 1322 893 quod
1367 813 1525 876 verbi
1570 822 1660 875 est
1719 813 1770 874 vi
1817 812 2197 887 adiectivum,
2259 813 2503 893 positio,
2559 813 2617 875 id
2674 822 2765 877 est
2810 814 2996 876 nomi·
3032 831 3094 895 21

415 914 600 989 natio,
645 934 882 995 quoque
921 918 1048 979 eius
1092 916 1365 979 ostendit.
1443 916 1737 994 quomodo
1780 916 1961 994 igitur
2000 916 2059 977 in
2105 916 2365 977 secundo
2408 915 2536 977 loco
2584 916 2822 978 verbum
2867 925 3001 996 post

365 1043 390 1080 5
416 1039 663 1093 nomen,
706 1020 794 1083 sic
833 1019 1006 1081 etiam
1046 1018 1379 1080 adverbium
1418 1018 1478 1079 in
1517 1018 1778 1080 secundo
1827 1018 2131 1098 locoaepost
2169 1018 2662 1099 praepositionem
2708 1018 2860 1079 bene
2896 1038 3003 1099 po-

416 1122 603 1196 nitur,
661 1141 811 1201 quae
841 1140 967 1205 per
997 1120 1428 1201 appositionem
1472 1120 1747 1181 dictionis
1792 1121 1905 1181 vim
1949 1121 2058 1182 sibi
2106 1120 2428 1181 defendens
2472 1120 2855 1201 praeponitur
2897 1139 3004 1181 no-

415 1222 675 1286 minibus
712 1224 801 1285 vel
841 1224 970 1285 aliis
1013 1222 1378 1284 casualibus:
1425 1222 1748 1302 composita
1790 1223 1944 1284 enim
1992 1222 2103 1282 vim
2142 1222 2414 1284 dictionis
2453 1242 2570 1285 non
2607 1221 2815 1296 habet,
2861 1242 3003 1284 con-

418 1325 633 1388 cedens
674 1326 734 1388 in
774 1324 785 1410 Ι
824 1344 984 1398 eam,
1031 1324 1127 1386 cui
1173 1324 1527 1403 adiungitur.

586 1429 728 1490 Post
769 1447 948 1509 supra
996 1427 1150 1488 dicta
1203 1445 1341 1488 vero
1398 1426 1593 1488 omnia
1650 1426 1987 1488 coniunctio
2041 1426 2169 1487 iure
2215 1425 2531 1506 accipitur,
2593 1446 2726 1489 cum
2778 1425 3000 1489 nullum

342 1551 392 1593 ιο
418 1531 609 1610 possit
651 1550 760 1611 per
802 1549 868 1592 se
910 1529 1242 1609 significare
1287 1549 1527 1591 sensum
1578 1530 1804 1609 absque
1861 1546 2037 1607 supra
2094 1527 2417 1608 positarum
2461 1528 2780 1590 dictionum
2803 1536 3004 1589 -mate-

417 1632 535 1702 ria,
585 1632 880 1712 quomodo
923 1650 1237 1712 corporum
1282 1651 1514 1711 quoque
1555 1631 1782 1693 vincula
1824 1630 2046 1692 inutilia
2098 1637 2268 1701 sunt,
2315 1630 2365 1692 si
2404 1649 2523 1692 non
2571 1616 2690 1692 sint
2732 1650 3002 1712 corpora,

422 1752 572 1811 quae
616 1734 690 1795 ab
738 1735 822 1795 eis
869 1734 1212 1796 vinciantur.

591 1837 914 1918 Possumus
964 1844 1161 1897 autem
1218 1844 1274 1897 et
1335 1836 1718 1927 amplioribus
1779 1835 2105 1897 rationibus
2177 1835 2250 1896 de
2322 1835 2688 1897 ordinatione
2748 1835 3001 1917 partium

420 1938 854 2014 demonstrarc3
899 1939 1005 2000 sed
1041 1938 1174 2017 quia
1218 1958 1337 2000 non
1379 1938 1453 1999 de
1496 1957 1563 2000 ea
1608 1938 1975 2019 propositum
2020 1937 2192 2000 nobis
2234 1947 2355 2012 est,
2398 1938 2655 2000 sufficiat
2697 1938 3004 2016 hucusque

346 2058 394 2098 ιε»
420 2040 632 2101 dicere.

587 2141 734 2203 Illud
778 2142 950 2203 etiam
990 2141 1241 2224 primum
1286 2142 1715 2222 quaerendum,
1758 2151 2069 2221 antequam
2118 2144 2191 2204 de
2237 2142 2676 2204 constructione
2719 2142 3079 2221 singula-111
3104 2152 3174 2202 ²2

418 2264 547 2306 rum
607 2244 888 2306 orationis
942 2245 1196 2326 partium
1251 2252 1602 2318 tractemuS‚
1671 2264 1852 2324 quare
1907 2245 2316 2324 interrogativa
2372 2244 2691 2305 dictionum
2747 2245 2805 2305 in
2855 2244 3003 2306 duas

421 2354 617 2426 partes
669 2346 949 2407 orationis
1005 2334 1162 2407 solas
1216 2357 1672 2423 concesserunt,
1732 2348 1788 2410 id
1856 2355 1946 2408 est
2011 2346 2071 2411 in
2132 2366 2344 2408 nomen
2404 2356 2463 2407 et
2520 2346 2579 2408 in
2643 2346 3003 2421 adverbium,

418 2456 477 2508 et
541 2466 722 2526 quare
782 2467 899 2509 non
962 2449 1025 2510 in
1092 2468 1272 2509 unum
1344 2467 1558 2509 nomen
1637 2458 1697 2510 et
1760 2450 1820 2511 in
1885 2469 2064 2511 unum
2136 2449 2507 2521 adverbium,
2576 2449 2683 2509 sed
2746 2448 2806 2509 in
2883 2467 3005 2509 am·

338 2549 633 2630 mpliora,
699 2559 764 2610 ut
812 2551 1010 2629 ‘quim
1069 2550 1291 2629 qualis,
1347 2559 1507 2626 uter,
1564 2559 1850 2630 quantus,
1897 2560 2076 2631 quot,
2134 2559 2378 2630 quotue,
2441 2558 2763 2630 quotenus,
2813 2550 3003 2623 cuius,

416 2653 613 2726 cuiaS,
657 2651 938 2730 qualiter,
982 2670 1132 2730 qua,
1178 2671 1328 2731 quo,
1382 2652 1514 2724 ubi,
1571 2654 1841 2731 quando,
1898 2652 2134 2714 unde'?
2219 2673 2294 2715 an
2353 2654 2501 2714 haec
2557 2654 2732 2714 etiam
2790 2673 3005 2734 appro-

415 2753 575 2818 batio
647 2762 767 2828 est,
843 2754 1199 2835 principales
1257 2754 1408 2816 duas
1491 2774 1625 2817 esse
1690 2764 1892 2836 partes
1970 2756 2251 2819 orationis
2321 2775 2537 2818 nomen
2609 2763 2669 2818 et
2742 2756 3003 2832 verbum,

415 2876 568 2935 quae
603 2856 839 2936 quando
881 2857 942 2917 in
986 2858 1192 2918 notitia
1233 2877 1352 2919 non
1397 2865 1566 2931 sunt,
1618 2858 1837 2920 habent
1882 2859 1956 2920 de
1997 2880 2064 2920 se
2103 2859 2621 2938 interrogationem
2666 2860 3006 2938 stequenter

417 2957 861 3039 accipiendam?
945 2959 1320 3021 inveniuntur
1355 2970 1552 3021 autem
1593 2961 1653 3022 in
1703 2960 2004 3041 pluribuS,
2063 2961 2216 3038 sicut
2265 2962 2665 3035 ostendimus,
2715 2970 2775 3023 et
2817 2962 3005 3023 nomi-

342 3076 393 3118 ιι
419 3061 596 3123 nibus
640 3069 697 3122 et
734 3061 1024 3122 adverbiis
1067 3071 1310 3143 propter
1351 3063 1637 3124 rationem
1680 3064 2121 3138 huiuscemodi,
2176 3064 2334 3144 quod
2394 3065 2456 3126 in
2505 3064 2600 3127 his
2645 3063 2788 3126 solis
2834 3063 3005 3126 dubi-

561 3232 584 3282 1
629 3231 881 3297 posterior
914 3229 1024 3296 est]
1064 3249 1096 3280 r
1135 3233 1463 3298 posteriorem
1499 3234 1546 3284 lt
1714 3249 1835 3283 nere
1865 3234 1915 3283 D
2089 3236 2122 3283 2
2162 3243 2281 3298 post
2316 3234 2638 3301 principalis:
2684 3234 2775 3284 Hic
2812 3235 2875 3282 de
2912 3235 3002 3283 ad-

417 3303 595 3352 nerbio
633 3311 812 3350 tractat
843 3303 1025 3351 inser-it
1061 3301 1115 3350 N
1248 3305 1281 3353 4
1312 3304 1362 3352 in
1399 3304 1623 3352 secundo
1647 3331 1708 3339 -
1728 3303 2029 3352 aduerbium
2056 3305 2181 3357 add.
2213 3307 2234 3353 1
2370 3315 2485 3370 post
2522 3320 2705 3354 nomen
2742 3304 2953 3353 uerbum
2986 3307 3007 3354 Ι

519 3403 524 3406 -
558 3381 674 3439 post
710 3370 918 3436 nomen]
961 3381 1078 3438 post
1109 3388 1289 3421 nomen
1313 3383 1407 3422 -est
1442 3372 1661 3424 Ossaei
1694 3388 1974 3439 pronomen
2013 3385 2089 3423 est
2121 3375 2168 3422 D
2341 3375 2376 3424 5
2411 3377 2460 3425 in
2500 3374 2727 3424 secundo
2764 3374 2874 3425 loco
2907 3388 3002 3423 on.

418 3441 460 3491 O
599 3439 849 3505 secundo]
877 3443 917 3490 d
945 3444 1168 3492 secondo
1192 3443 1239 3490 D
1381 3441 1530 3508 post]
1567 3460 1640 3493 ex
1673 3459 1813 3496 corr.
1847 3445 1887 3493 d
1914 3460 2045 3509 pu*
2072 3445 2243 3506 (mem
2284 3445 2331 3492 D
2468 3445 2504 3495 6
2540 3442 2935 3510 appositionem]
2968 3445 3009 3493 d

418 3513 758 3578 inpositionem
796 3513 843 3561 D
984 3511 1297 3577 nominibus]
1337 3515 1572 3565 omnibns
1606 3516 1645 3563 d
1782 3517 1814 3566 7
1852 3512 2165 3578 casualibus]
2207 3531 2237 3561 r·
2269 3515 2563 3564 causalibus
2594 3514 2641 3564 lt
2780 3528 2877 3564 non
2908 3530 3004 3564 oa.

417 3585 463 3633 R
499 3583 609 3633 add
657 3600 686 3629 r
824 3595 922 3629 non
959 3581 1110 3630 hahet
1140 3597 1232 3631 οιι.
1265 3585 1311 3634 G
1451 3584 1725 3632 concidens
1752 3583 1867 3646 (M)
2004 3586 2039 3634 8
2070 3582 2206 3648 eam]
2245 3585 2456 3634 eandem
2496 3586 2546 3634 'V
2678 3591 2796 3644 poet
2825 3585 3002 3633 adino

415 3655 581 3717 gitur:
623 3654 712 3700 ttic
745 3651 809 3701 de
845 3653 1197 3701 coniunctione
1233 3654 1356 3705 add.
1393 3655 1441 3704 Ν
1602 3654 1638 3702 9
1674 3651 1867 3717 omnia]
1908 3671 1941 3701 r
1977 3655 2181 3705 nomina
2218 3654 2265 3704 11
2436 3654 2501 3705 10
2535 3653 2723 3718 possitl
2765 3655 2803 3703 d
2830 3661 3003 3719 posset

417 3722 720 3772 RJmSGL
872 3736 1108 3770 sensnum
1137 3723 1223 3782 (u)
1259 3723 1306 3772 R
1465 3725 1836 3786 suprasitarnm
1874 3725 1919 3773 G
2082 3723 2139 3774 lt
2182 3739 2452 3788 corporum
2491 3721 2717 3788 qnoque]
2758 3741 2789 3771 r
2820 3740 3002 3788 corpo

415 3809 630 3855 rumque
665 3792 712 3841 R
852 3789 975 3856 sint]
1018 3792 1057 3839 «1
1089 3803 1206 3842 sunt
1246 3793 1293 3840 D
1431 3806 1645 3858 corpora
1681 3809 1776 3848 012.
1808 3794 1857 3841 G
2018 3796 2081 3846 12
2117 3795 2405 3843 uinciantur
2432 3798 2483 3844 in
2519 3795 2676 3843 litura
2709 3795 2750 3843 d
2777 3796 2999 3843 uincien-

414 3912 496 3954 ιιιι·
529 3903 741 3954 sisoi,
891 3903 957 3953 14
995 3879 1336 3968 Proponsitum
1362 3905 1448 3968 (s)
1478 3905 1590 3982 Dei⁴
1705 3905 1768 3956 16
1802 3905 1894 3955 ffie
1927 3905 2112 3956 dicitur
2146 3922 2245 3969 qna
2280 3904 2379 3971 (tq
2405 3904 2585 3968 litura)
2622 3906 2778 3958 ὑυσ.
2816 3907 2867 3956 Ν

417 4043 478 4092 17
515 4051 850 4091 tractaremus
881 4040 925 4090 S
1061 4015 1282 4090 diction}
1317 4042 1367 4090 D
1518 4042 1583 4093 18
1615 4023 1977 4094 congesserunt
2010 4045 2061 4094 D
2222 4044 2270 4092 id
2302 4053 2381 4092 est
2414 4058 2508 4092 οιι.
2544 4041 2588 4092 8
2739 4051 2791 4091 et
2819 4042 3002 4092 aduer-

413 4113 562 4162 hiuoe
587 4114 637 4162 ‚V
774 4107 1094 4175 adverbium]
1135 4128 1191 4160 rc
1224 4113 1433 4160 uerbum
1473 4111 1564 4161 RS
1702 4113 1767 4164 19
1799 4129 1896 4163 non
1935 4115 1985 4162 in
2022 4129 2177 4163 unum
2212 4129 2311 4162 non
2348 4115 2397 4161 in
2437 4128 2590 4161 ιιιιιιιιι
2629 4126 2811 4160 nomen
2840 4110 2885 4160 8

414 4193 462 4230 et
491 4197 645 4230 unum
680 4182 818 4232 SGL
993 4181 1063 4231 20
1097 4178 1287 4244 qualis]
1325 4183 1441 4229 talis
1472 4180 1516 4230 O
1688 4189 1801 4232 uter
1832 4182 2074 4248 quantus]
2112 4199 2144 4229 r
2176 4193 2345 4231 utrum
2382 4193 2627 4243 qnantum
2661 4181 2707 4229 R
2880 4189 3003 4243 quot

379 4250 569 4301 '028
705 4269 769 4313 qn
742 4261 994 4300 notennus
1031 4251 1131 4300 sl,
1278 4252 1341 4301 21
1383 4249 1503 4314 qua:
1544 4256 1574 4301 1
1608 4268 1815 4314 quaqua
1849 4255 1929 4303 Ru
1963 4269 2115 4316 qnam
2142 4269 2242 4314 qna
2274 4250 2411 4302 ONS
2444 4268 2543 4313 qna
2578 4251 2905 4312 quamobrem
2940 4250 3009 4299 M

413 4337 722 4383 quamquam
760 4322 807 4370 D
843 4337 994 4385 quarn
1033 4321 1132 4370 ΕΙ,
1164 4337 1232 4370 σι
1269 4337 1427 4383 quare
1462 4325 1535 4380 (ο.
1567 4325 1601 4385 ς
1635 4325 1729 4384 25)
1766 4324 1906 4385 qna?
2062 4324 2267 4386 qnando
2305 4322 2562 4384 quomodo
2601 4321 2734 4368 unde
2769 4321 3004 4383 quotiens

413 4426 464 4474 S
603 4425 740 4474 unde
778 4426 1012 4487 quotiens
1047 4421 1312 4475 Moser-d
1345 4433 1397 4474 α
1429 4427 1480 4475 ia
1513 4442 1611 4491 ηρ.
1649 4427 1885 4489 quociens
1920 4429 2045 4476 add.
2088 4427 2135 4476 L
2172 4444 2219 4478 v.
2254 4429 2288 4489 S
2322 4426 2392 4476 25
2537 4393 2603 4427 ω
2628 4425 2780 4472 etiam
2815 4439 3001 4490 appro-

413 4529 550 4578 tmio
581 4529 632 4578 ι,
782 4505 1157 4595 ηἰἳιωιηιῑο
1195 4530 1246 4578 o
1277 4529 1566 4602 approbato
1601 4529 1666 4579 ιι
1819 4531 2121 4596 princip-tis
2156 4531 2201 4579 G
2358 4542 2476 4577 esse
2508 4542 2603 4579 aa.
2640 4524 2685 4576 8
2830 4537 3004 4594 pana

412 4635 660 4684 orationis
693 4648 807 4685 esse
845 4632 889 4682 O
1050 4631 1120 4683 23
1158 4609 1554 4698 qmdo'⁰notia
1585 4632 1630 4682 S
1763 4636 1867 4683 sint
1908 4635 1955 4684 l,
2112 4625 2426 4695 frequenter]
2465 4630 2505 4679 d
2535 4629 2776 4694 frequen·
2815 4633 2865 4681 D

489 4718 560 4754 uel
587 4716 652 4755 §ie

408 4772 476 4819 24
511 4774 642 4819 sicut
676 4771 724 4822 G
861 4779 912 4820 et
948 4768 1266 4835 nominibus]
1302 4787 1334 4818 r
1366 4779 1416 4819 et
1455 4773 1504 4819 in
1541 4772 1833 4822 nominibus
1864 4772 1965 4822 lu·
2124 4770 2194 4820 25
2224 4779 2274 4818 et
2307 4769 2359 4818 in
2397 4768 2661 4818 aduerbiis
2701 4770 2751 4820 N
2909 4769 3003 4817 bn

411 4840 704 4889 imnodi-5
841 4840 2085 4904 ᾳοοά-ςυιὶἰωὴηλράιωιμιίῧρ
2130 4839 2316 4903 lo,;7
2352 4838 3005 4940 mabipnoprioa‘am

411 4911 774 4960 Quae?
913 4909 1648 4973 inbissohsldiniwlisD
