3576 5595
1050 446 1146 505 DE
1195 445 1471 504 METRtS
1516 444 1874 505 TERENTn
1921 444 2166 504 LtBEu.
2220 453 2437 506 14—18
2909 440 3031 502 425

552 563 715 614 μῆρε»
737 563 783 602 Ρ.
2635 571 2677 610 ρ.
2701 560 2788 600 ιιι.
2813 559 2856 598 12
2881 558 2932 599 κ.

448 635 836 714 Turpilius
879 652 1115 711 quoque
1159 633 1215 692 in
1264 632 1386 692 suis
1430 632 1582 691 idem
1622 631 1761 690 facit
1806 632 2154 702 comoediis,
2202 639 2263 689 ut
2307 630 2364 689 in
2409 628 2676 689 Lindia

752 737 1097 814 prolecto
1150 734 1588 811 utquisque
1637 734 1930 794 minimo
1977 739 2379 792 contentus
2432 717 2636 803 suit,a

752 838 854 895 ita
903 839 1369 896 fortunatam
1414 835 1628 894 vitam
1680 835 1856 894 vixit
1903 835 2239 904 maxime,

757 948 827 997 ut
876 937 1315 1016 philosophi
1356 937 1564 996 aiunt
1608 936 1769 1008 isti,
1819 935 2096 1012 quibus
2145 935 2440 1012 quidvis
2486 943 2599 995 sat
2647 942 2779 994 est.
2821 931 2833 1015 Ι

406 1040 605 1099 sidem
658 1040 716 1099 in
761 1039 1117 1118 Epiclero

754 1159 1063 1217 quaeso,
1109 1140 1409 1218 edepol,
1456 1157 1598 1216 quo
1641 1148 1817 1198 ante
1865 1140 2101 1198 lucem
2142 1147 2210 1198 te
2252 1138 2502 1199 subito
2549 1139 2786 1217 rapiS‚

756 1260 908 1314 ere,
985 1261 1140 1302 cum
1222 1261 1360 1301 uno
1430 1239 1699 1320 puero?
1792 1240 1909 1300 PH.
1973 1259 2260 1317 nequeo
2323 1260 2494 1300 esse
2556 1240 2793 1313 intuS‚
2872 1241 3037 1300 Ste-

2430 1340 2720 1421 phanio.

756 1444 949 1515 Quid
1003 1443 1139 1503 ita?
1186 1444 1302 1503 PH.
1352 1453 1426 1504 ut
1473 1444 1754 1515 solent,
1807 1463 1913 1504 me
1956 1463 2176 1504 curae
2216 1463 2469 1505 somno
2516 1453 2919 1522 segregant

391 1563 433 1599 υ·
756 1547 1107 1623 forasque
1153 1547 1413 1606 noctis
1449 1546 1779 1606 excitant
1820 1546 2153 1606 silentio.

452 1648 604 1707 idem
636 1648 703 1708 'in
746 1647 948 1706 eadem
993 1648 1348 1708 tetrametris
1397 1649 1596 1718 utitur,
3081 1652 3138 1705 17

759 1748 1125 1809 currendo
1175 1748 1280 1808 sic
1326 1758 1470 1821 est,
1516 1749 1623 1808 sic
1656 1747 1903 1819 datur,
1943 1749 2239 1809 nimium
2279 1748 2401 1809 ubi
2444 1749 2705 1828 sopori
2754 1750 3039 1811 servias

758 1851 1011 1930 potius
1069 1868 1272 1927 quam
1331 1851 1630 1911 domi-no
1684 1859 1753 1909 et
1811 1848 1928 1909 uhi
1986 1870 2259 1910 severo
2310 1850 2622 1929 imperio
2674 1870 2855 1928 quae
2909 1855 3043 1912 im-

2383 1961 2636 2029 perata
2683 1943 2871 2012 s'unt.

392 2054 853 2116 is'l'ere-ntius
897 2053 1196 2115 trochaico
1227 2054 1405 2113 mixto
1442 2053 1529 2112 vel
1562 2050 1809 2113 confuso
1841 2072 1973 2112 cum
2010 2053 2258 2112 iambico
2290 2054 2471 2113 utitur
2509 2054 2566 2112 in
2600 2073 2873 2115 sermone
2911 2074 3044 2133 per-

456 2176 764 2228 sonarum,
809 2155 1020 2232 quibus
1060 2156 1308 2214 maxime
1356 2156 1679 2233 imperitior
1713 2155 1809 2213 liic
1849 2156 2151 2218 convenit..
2197 2174 2401 2232 quem,
2449 2164 2620 2234 puto,
2670 2165 2732 2215 ut
2768 2157 3042 2228 imitetur,

456 2259 607 2318 hanc
655 2256 1056 2317 confusionem
1118 2257 1503 2334 rythmorum
1541 2257 1694 2315 sarit.
1786 2266 1927 2316 sunt
1966 2267 2156 2316 autem
2216 2265 2273 2315 et
2335 2257 2577 2316 trimetri
2631 2265 2690 2316 et
2742 2258 2856 2317 hoc
2912 2257 3044 2336 plus

456 2361 800 2435 minusque,
870 2368 937 2432 et,
978 2358 1198 2417 habent
1241 2358 1651 2437 paenultimam
1703 2378 1906 2418 versus
1951 2357 2232 2444 syllabam
2287 2358 2344 2418 in
2396 2358 2745 2436 quibusdam
2791 2358 3044 2436 longam,

456 2461 514 2520 in
559 2459 906 2538 quibusdam
954 2459 1216 2532 brevem,
1266 2469 1330 2519 ut
1372 2461 1431 2520 in
1479 2459 1751 2520 Andria

389 2578 440 2616 πο
762 2562 1029 2632 adhuc,
1080 2541 1450 2635 Arc-hilis]
1501 2580 1690 2639 quae
1736 2562 2083 2621 adsolent
2128 2580 2467 2639 quaeque
2511 2571 2819 2640 oportet

762 2663 973 2739 signa
1021 2682 1187 2722 esse
1236 2665 1321 2723 ad
1376 2665 1728 2736 salutern,
1793 2665 2030 2722 omnia
2081 2663 2251 2723 huic
2297 2684 2465 2724 esse
2511 2665 2745 2724 video.

766 2784 961 2825 nunc
1008 2765 1318 2845 primum
1366 2767 1483 2825 sac
1529 2766 1672 2826 ista
1719 2773 1795 2825 ut
1838 2765 2071 2837 lavet,
2119 2775 2293 2844 post
2337 2766 2615 2825 deinde

766 2869 957 2944 quod
1003 2867 1193 2928 iussi
1238 2868 1411 2926 dare
1454 2867 1716 2926 bibere
1762 2878 1832 2927 et
1879 2876 2233 2944 quantum
2281 2868 2659 2946 imperavi.

462 2971 573 3029 hos
621 2969 886 3047 sequitur
937 2969 1183 3028 dimeter
1238 2968 1613 3028 catalecticus
1670 2969 1908 3028 finiendi
1966 2968 2257 3028 sermonis
2319 2988 2526 3041 causa,
2594 2987 2766 3046 quem
2832 2968 2900 3028 ad
2948 2970 3054 3029 Ar-

392 3086 442 3124 25
466 3072 674 3132 chilida
718 3071 941 3144 habuit,

768 3173 967 3245 (late,
1015 3191 1178 3233 mox
1224 3191 1354 3246 ego
1403 3172 1535 3230 huc
1580 3179 1938 3231 revertar.

465 3275 731 3335 similiter
776 3275 1088 3334 Plautus
1134 3274 1192 3333 in
1232 3274 1694 3334 Truculento
1742 3274 1946 3333 eodem
1989 3280 2173 3332 metro
2218 3292 2361 3333 usus
2409 3282 2497 3333 est
2543 3274 2601 3333 in
2639 3292 2910 3333 sermone
2946 3292 3049 3333 an·
3089 3281 3151 3331 18

462 3377 626 3437 cillae
666 3377 946 3455 Astapliii‚

765 3479 846 3538 ad
895 3479 1101 3537 sores
1141 3476 1583 3537 auscultate
1630 3489 1854 3556 atque
1908 3478 2304 3541 adservate
2351 3477 2608 3549 aedeS‚

392 3595 443 3634 ³0
767 3580 1036 3656 nequis
1082 3579 1443 3639 adventor
1487 3582 1782 3657 gravior
1826 3581 2040 3641 abeat
2087 3598 2295 3657 quam
2344 3578 2726 3649 adveniat,

766 3700 905 3740 neu
954 3681 1122 3756 quis
1162 3700 1419 3741 manus
1459 3683 1814 3743 attulerit
1861 3684 2168 3744 sterilis
2215 3683 2413 3742 intro
2454 3682 2536 3741 ad
2585 3703 2748 3753 noS,

767 3784 1127 3860 gravidas
1173 3784 1377 3842 foras
1422 3792 1800 3861 exportet:

766 3885 933 3945 novi
982 3903 1118 3961 ego
1169 3884 1540 3944 hominum
1589 3880 1853 3945 mores,
1887 3883 1913 3968 Η

602 4071 632 4121 3
677 4069 827 4134 uixit]
874 4071 1021 4120 duxit
1056 4086 1087 4126 ς
1248 4073 1278 4117 4
1318 4071 1475 4118 adunt
1515 4071 1626 4120 RV
1780 4073 1863 4119 isti
1906 4072 2020 4133 quis
2058 4073 2138 4119 ius
2176 4082 2251 4120 sat
2287 4083 2363 4121 est
2399 4088 2430 4128 ς
2600 4074 2631 4121 5
2671 4074 2718 4120 in
2760 4089 2850 4125 one.
2884 4073 2970 4122 B:
3007 4075 3056 4122 in

465 4143 664 4206 epidico
701 4157 734 4195 ς
875 4142 907 4190 ὓ
946 4141 1129 4205 edepol
1166 4154 1197 4196 ς
1235 4140 1383 4203 depol
1415 4141 1568 4189 RVA
1614 4140 1745 4205 {epol
1782 4143 1832 4188 B
1973 4156 2074 4204 quq
2111 4152 2225 4189 ante
2264 4144 2316 4190 V
2434 4142 2637 4191 subdito
2664 4142 2772 4191 RV
2902 4143 2930 4190 7
2972 4160 3058 4191 ne-

465 4227 561 4273 que
600 4227 712 4258 esse
749 4209 798 4257 B
966 4212 998 4257 9
1043 4208 1141 4273 PH]
1186 4211 1222 4257 P
1262 4210 1358 4255 ΙίΛ
1402 4215 1465 4272 ᾧ.
1520 4211 1618 4258 VB
1651 4227 1739 4258 om.
1781 4225 1852 4265 3:
1894 4220 2070 4274 paeut
2121 4211 2283 4259 solent
2331 4212 2544 4260 Ass-cens.
2582 4213 2702 4258 Alfi.
2881 4229 3054 4277 segre·

466 4290 652 4345 gantuu·
690 4279 844 4327 ΒΓΑ
1025 4279 1086 4327 lo
1122 4280 1359 4339 forasque
1398 4280 1589 4329 RVBa
1632 4280 1875 4341 fortisque
1915 4281 1960 4326 Α
2139 4282 2193 4328 ll
2237 4281 2414 4328 eodem
2455 4281 2607 4329 ΗΑΒ
2654 4283 2802 4329 odem
2851 4283 2902 4329 V

472 4356 529 4398 Γ.)
570 4348 667 4411 est]
711 4351 769 4396 ΞΕ
814 4350 868 4396 V
997 4351 1056 4397 13
1094 4349 1292 4397 seuerio
1341 4350 1391 4397 V
1528 4350 1771 4413 imperata
1814 4350 1892 4397 Ba
1930 4350 2162 4412 imperati
2193 4349 2342 4398 EVA
2495 4351 2553 4399 1ss
2588 4350 2667 4397 hic.
2702 4351 2982 4415 imperitior
3013 4350 3059 4396 Α

614 4422 669 4467 17
708 4429 756 4466 et
799 4416 913 4482 hoe]
955 4428 1001 4466 et
1036 4419 1128 4466 hac
1165 4434 1302 4466 corr.
1342 4426 1388 4465 et
1429 4434 1487 4466 ac
1526 4419 1569 4466 R
1606 4428 1651 4465 et
1690 4434 1748 4464 ac
1797 4418 1896 4465 VB
1933 4434 1991 4465 ac
2029 4419 2114 4473 Ας
2263 4420 2321 4466 lt)
2355 4419 2402 4465 in
2447 4416 2658 4481 Andria]
2702 4422 2763 4469 ΙΙΙ
2805 4426 2852 4481 ·.’‚
2894 4421 2914 4468 1

465 4490 534 4538 20
567 4489 696 4537 aduc
744 4490 795 4536 V
934 4486 1171 4549 arc-hyllis
1213 4488 1256 4536 R
1293 4488 1516 4536 arrliillis
1563 4488 1659 4536 VA
1702 4488 1889 4535 arcillis
1922 4504 2059 4535 corr.
2097 4487 2321 4536 arcliillis
2359 4487 2407 4535 B
2547 4497 2744 4552 oportet
2789 4490 2836 4537 B
2884 4504 3061 4555 opere-

466 4569 545 4607 tur
586 4557 738 4607 RVA
790 4565 1023 4623 oportent
1060 4572 1091 4610 ς
1131 4570 1260 4620 opus
1303 4558 1500 4606 videtur
1535 4560 1612 4606 vel
1659 4557 1892 4604 videntur
1939 4559 2121 4617 leffl'sse
2161 4558 2473 4605 Pria-cinnum
2514 4559 2722 4607 confec-ic
2761 4560 3062 4608 Lindeman-

465 4645 557 4675 ηας
698 4630 764 4674 22
805 4628 937 4674 lauet
972 4625 1021 4673 B
1058 4625 1187 4673 labet
1232 4627 1330 4673 VA
1371 4627 1487 4676 libet
1522 4628 1563 4674 lt
1705 4627 1785 4673 die
1824 4628 1937 4675 inde
1982 4629 2034 4675 V
2069 4644 2081 4674 ε
2116 4626 2298 4673 deinde
2337 4624 2384 4691 &f
2422 4627 2543 4674 dure
2586 4627 2754 4675 bibere
2792 4630 2836 4676 A
2876 4629 3059 4677 deinde

472 4699 525 4745 Et
562 4697 697 4759 quod
736 4697 860 4744 iussi
901 4696 966 4741 (la
1004 4694 1173 4741 bibere
1211 4709 1245 4749 ς
1388 4699 1453 4743 25
1493 4696 1601 4743 dari
1642 4696 1761 4743 Am.
1804 4697 1918 4744 date
1959 4697 2327 4745 Lindenmnnus
2467 4697 2534 4743 ⁴24
2570 4696 2634 4743 ad
2669 4697 2933 4746 archillida
2964 4698 3061 4746 BA

466 4766 738 4814 adcliillida
774 4766 823 4813 B
859 4762 1120 4811 arc-hillida
1173 4766 1225 4810 V
1330 4765 1397 4813 ‘26
1435 4766 1549 4812 date
1588 4782 1662 4813 om
1714 4779 1746 4819 ς
1862 4769 1925 4815 27
1961 4767 2010 4814 in
2049 4760 2375 4826 'l'rncnlento]
2421 4767 2435 4812 l
2479 4770 2527 4825 2,
2567 4767 2586 4814 l
2714 4768 2782 4816 ⁶28
2819 4768 2983 4815 astulfi
3016 4769 3061 4815 A

607 4834 674 4883 3³»
712 4834 919 4899 grauior
960 4831 1137 4880 liabent
1175 4833 1267 4879 ΗΑ
1305 4835 1545 4897 grauiora
1583 4834 1761 4882 habe-at
1808 4837 1862 4882 V
1997 4850 2145 4895 quam
2185 4833 2375 4881 lsst'Ba
2423 4850 2571 4898 quem
2611 4835 2658 4882 A
2701 4846 2851 4898 atque
2888 4852 2921 4892 ς

466 4905 522 4953 31
569 4901 685 4967 neu]
731 4918 791 4950 ne
841 4903 939 4949 VB
1082 4916 1243 4949 annos
1282 4920 1417 4950 sorr.
1457 4904 1521 4949 ad
1557 4917 1648 4950 nos
1684 4903 1729 4948 B
1868 4903 1934 4953 33
1972 4903 2228 4952 bominum
2268 4904 2458 4953 HVBu
2493 4904 2750 4953 hominem
2785 4905 2834 4953 A
