3576 5595
1338 421 1563 483 LIBER
1608 421 1758 481 XVII
1804 430 1969 484 63—
1982 428 2050 483 67
2867 418 2987 478 147

532 571 541 580 .
573 543 685 584 1067.
715 543 767 583 cs
801 542 848 581 r,
2581 546 2625 585 ρ.
2652 533 2714 576 43.
2744 534 2793 574 ιι
2824 534 2879 575 ιι.

397 555 612 687 sufem,
673 613 904 674 unicam
956 611 1288 672 habuerunt
1341 609 1512 669 etiam
1558 607 1720 669 vocis
1767 605 2252 677 declinationem,
2329 612 2391 664 ut
2448 604 2711 681 singulas
2762 607 2984 668 varient

394 734 779 795 personarum
827 722 886 773 et
929 732 1170 774 casuum
1217 711 1605 791 prolationeS‚
1669 709 1809 769 nulli
1852 708 2099 769 obnoxia
2146 706 2411 784 regulae,
2472 724 2623 784 quae
2676 706 2735 766 in
2792 709 2980 769 unicis

393 836 500 878 nec
545 816 738 877 locum
783 815 1008 876 habere
1044 797 1286 874 vocibus
1334 822 1581 893 poterat.
1672 811 2043 872 manifestum
2091 817 2181 868 est
2221 816 2445 882 autem,
2491 808 2649 887 quod
2692 818 2751 869 et
2794 810 2979 889 prima

392 927 449 978 et
489 917 744 979 secunda
783 935 1067 998 persona,
1114 916 1172 975 in
1214 915 1430 993 quibus
1468 912 1588 987 sola
1623 920 1713 973 est
1742 910 2192 984 demonstratio,
2240 910 2500 988 singulas
2536 910 2755 971 habent
2784 930 2975 973 voces,

339 1040 364 1077 5
394 1019 590 1097 itaque
635 1038 849 1097 genera
895 1037 1128 1097 quoque
1174 1016 1366 1078 omnia
1413 1035 1530 1076 non
1575 1015 1804 1079 abscisa
1856 1013 2111 1093 propriis
2150 1008 2688 1088 terminationibuS,
2735 1013 2838 1074 sed
2871 1033 2979 1094 per

388 1121 642 1183 eundem
699 1123 874 1182 tinem
934 1137 1250 1197 congruam
1305 1100 1638 1178 habuerunt
1680 1116 2065 1196 positionem,
2132 1115 2349 1195 quippe
2406 1133 2703 1196 cum-per
2754 1135 2821 1177 ea
2876 1117 2979 1178 de-

388 1223 737 1285 monstratio
774 1208 1157 1283 substantiam
1201 1240 1310 1301 per
1346 1239 1410 1280 se
1455 1219 1744 1296 significat
1783 1216 2006 1295 absque
2044 1217 2397 1279 discretione
2440 1237 2738 1295 generum.
2811 1219 2976 1280 ‘ille'
3012 1218 3081 1269 66

388 1334 581 1385 autem
641 1332 699 1385 et
755 1325 957 1403 ‘ipse'
1017 1331 1074 1383 et
1132 1317 1301 1383 ‘bic’
1363 1332 1418 1381 et
1476 1321 1656 1380 ‘iste’
1705 1328 1764 1379 et
1815 1319 1967 1393 ‘is’,
2010 1320 2141 1397 quia
2189 1319 2245 1379 in
2289 1319 2534 1380 diversis
2585 1321 2769 1382 tertiis
2815 1331 2980 1402 pote-

189 1454 224 1484 ·
387 1435 518 1486 rant
562 1447 693 1487 esse
741 1425 1009 1507 personis
1052 1424 1394 1485 absentibus
1437 1422 1525 1483 vel
1559 1418 1585 1504 ΙΙ
1617 1421 2025 1501 praesentibus
2065 1430 2123 1480 et
2166 1420 2339 1499 longe
2378 1420 2480 1507 ‘vel
2538 1422 2692 1484 iuxta
2752 1424 2978 1503 positiS,

311 1544 360 1583 ιο
388 1528 743 1590 delinitionis
790 1547 965 1589 causa
1008 1524 1467 1588 manifestandae
1518 1522 1689 1584 etiam
1740 1542 1927 1602 genus
1982 1542 2114 1584 cum
2162 1524 2545 1602 consequenti
2590 1525 2979 1587 declinatione

387 1639 760 1710 acceperunt.

559 1730 1065 1802 Quemadmodum
1102 1729 1369 1802 nomina,
1412 1729 1498 1789 sic
1545 1727 1716 1788 etiam
1750 1726 2098 1807 pronomina
2143 1746 2250 1807 per
2293 1728 2560 1805 singulos
2606 1746 2780 1789 rasus
2816 1730 2978 1790 simi-

392 1833 525 1894 liter
572 1852 705 1894 cum
761 1831 952 1892 verbis
1008 1839 1448 1892 construuntur.
1550 1838 1600 1890 et
1656 1827 2028 1890 nominativis
2082 1829 2318 1907 quidem
2379 1830 2773 1904 intransitive,
2826 1832 2972 1893 obli·

384 1934 515 2012 quis
560 1953 696 1994 vero
735 1933 1034 1995 transitive
1082 1933 1252 1993 verba
1299 1912 1763 2009 coniunguntur,
1818 1938 1881 1990 ut
1920 1930 2372 1992 ‘'l'lieoctistus'
2420 1931 2506 1991 vel
2553 1932 2700 1992 ‘iste
2738 1934 2974 2007 currit’‚

312 2050 360 2089 ιτ»
388 2036 781 2097 ‘'l'beoctisti’
837 2036 925 2096 vel
971 2035 1178 2096 ‘istius
1216 2034 1555 2106 misereor',
1601 2033 2014 2093 ‘'l'lieoctisto’
2064 2031 2153 2092 vel
2203 2032 2333 2092 ‘isti
2380 2032 2634 2112 praebeo
2653 2038 2695 2108 ',
2753 2035 2978 2095 ‘Theo-

388 2138 658 2198 ctistum’
722 2137 808 2197 vel
868 2138 1077 2197 ‘istum
1137 2136 1361 2196 video’.
1477 2134 1758 2195 ablativus
1827 2134 2001 2194 etiam
2069 2142 2298 2196 ceteros
2355 2134 2626 2212 obliquos
2698 2138 2976 2214 sequitur,
3013 2144 3081 2198 67

385 2238 801 2299 ‘Theoctisto'
860 2238 947 2298 vel
1000 2238 1152 2300 ‘isto
1212 2237 1505 2316 gaudeo'3
1563 2255 1695 2296 nam
1738 2236 2030 2298 vocativus
2076 2255 2311 2316 quoque
2355 2236 2718 2298 intransitive
2766 2258 2978 2300 secun·

384 2341 473 2401 dis
522 2340 856 2419 adiungitur
909 2341 1216 2401 verborum
1267 2339 1568 2419 personis,
1631 2351 1763 2399 cum
1802 2339 2096 2419 proprius
2152 2338 2229 2399 sit
2288 2337 2629 2401 naturaliter
2685 2341 2977 2401 secundae

386 2434 707 2522 personae,
767 2451 828 2503 ut
887 2441 1294 2503 ‘Theoctiste’
1352 2440 1438 2500 vel
1497 2442 1594 2501 ‘tu
1652 2448 1854 2501 noster
1898 2441 2104 2502 doctor
2146 2440 2328 2518 legis'
2376 2439 2465 2500 vel
2510 2441 2729 2520 flege'.
2819 2442 2981 2502 Vir-

307 2561 358 2600 20
385 2545 616 2622 gilius
660 2544 720 2604 in
765 2545 846 2604 X:
1904 2596 1924 2617 ,

1711 2644 2086 2722 vigilasne
2131 2644 2343 2709 deum
2389 2663 2572 2721 gens

686 2745 972 2809 Aenea?
1017 2746 1263 2826 vigila.

385 2850 604 2927 obliqui
675 2858 867 2910 tamen
929 2848 1425 2909 constructionem
1491 2846 1835 2922 verborum,
1903 2865 2054 2925 quae
2116 2850 2180 2909 tit
2248 2849 2611 2910 intransitive
2670 2868 2803 2909 cum
2871 2868 2977 2910 no-

384 2951 717 3024 minativiS,
781 2950 1075 3030 excipiunt
1133 2950 1462 3022 transitive,
1516 2950 1627 3009 nisi
1691 2950 1809 3010 sint
1862 2950 2034 3011 verba
2095 2950 2455 3028 absoluta„l
2508 2959 2570 3011 ut
2633 2947 2975 3012 ‘'I'beoctis-

310 3056 524 3113 2⁵tus'
576 3052 664 3112 vel
709 3053 858 3112 ‘iste
903 3052 1065 3126 vivit,
1121 3053 1336 3133 spirat,
1395 3056 1595 3127 floret,
1651 3051 1837 3130 viget’
1897 3062 1955 3112 et
2012 3051 2249 3114 similia:
2307 3073 2373 3114 ea
2431 3053 2584 3113 enim
2641 3072 2759 3114 nou
2801 3062 2972 3131 egent

527 3239 550 3287 1
591 3240 742 3289 etiam
780 3238 1065 3331 babuerunt
1100 3237 1141 3286 0
1283 3238 1514 3305 vmieut]
1548 3240 1584 3289 d
1620 3240 1822 3290 uariant
1861 3240 2073 3290 MDGL
2211 3240 2244 3291 3
2278 3238 2401 3305 nec]
2442 3240 2526 3289 uel
2563 3239 2605 3289 S
2742 3249 2974 3306 poterant

385 3338 474 3387 Ld
593 3349 712 3403 pose
735 3349 960 3407 poterat:
1017 3357 1215 3404 ·quare
1252 3343 1421 3406 prima
1466 3350 1514 3392 et
1563 3341 1790 3392 secunda
1825 3343 2084 3391 nominum
2122 3357 2344 3407 persona
2390 3342 2622 3409 singulas
2660 3343 2847 3393 habent
2884 3361 2972 3394 uo-

383 3424 466 3457 ces
503 3410 625 3460 add.
667 3410 709 3460 S
867 3414 900 3462 4
939 3425 1156 3477 persona
1191 3428 1282 3462 om.
1324 3411 1365 3460 O
1529 3412 1762 3477 singulas
1801 3429 1892 3463 om.
1937 3413 1978 3462 G
2011 3413 2206 3476 sigulas
2242 3415 2290 3462 D
2465 3382 2684 3462 habeant
2722 3414 2765 3462 G
2940 3417 2972 3464 5

383 3479 606 3545 abscisa]
648 3483 686 3530 d
720 3482 950 3532 abscissa
987 3482 1082 3530 DG
1237 3483 1270 3534 6
1304 3484 1467 3547 quipe
1490 3481 1531 3530 S
1688 3480 1770 3547 ea]
1813 3481 1893 3530 uel
1935 3496 2023 3530 eas
2058 3483 2108 3531 in
2144 3499 2236 3548 my,
2275 3482 2318 3530 S
2466 3485 2494 3532 7
2525 3491 2649 3555 post
2683 3483 2967 3547 significat:

385 3559 701 3612 praesentem
744 3552 1069 3617 (presentem
1103 3550 1169 3614 r)
1209 3560 1256 3600 et
1293 3555 1433 3600 iuxta
1471 3553 1690 3618 positam
1728 3567 1858 3614 quae
1901 3555 2178 3617 conspicua
2215 3553 2381 3617 possit
2417 3537 2603 3601 baberi
2633 3551 2856 3624 (babere
2893 3553 2967 3619 S)

381 3621 579 3670 etiamsi
618 3638 748 3670 uoce
784 3637 880 3670 non
923 3620 1043 3685 (non
1085 3637 1175 3670 om.
1215 3621 1276 3684 S)
1314 3622 1685 3684 discernantur.
1724 3622 1839 3686 ipsa
1878 3630 2041 3671 tamen
2082 3622 2514 3671 demonstratione
2545 3637 2733 3685 genera
2770 3623 2893 3674 add.
2931 3625 2972 3673 S

381 3697 431 3737 et
469 3693 519 3739 in
549 3707 642 3756 my.
682 3708 713 3740 r
855 3691 1051 3753 absque
1090 3693 1395 3742 discretione
1435 3687 1689 3757 generum'
1711 3707 1805 3740 om.
1843 3690 1886 3740 S
2023 3690 2320 3741 discritioue
2359 3692 2407 3740 L
2546 3693 2581 3741 8
2619 3692 2748 3743 biste
2781 3696 2832 3743 D

379 3756 463 3821 liis
498 3761 577 3811 Rr
713 3762 746 3812 9
784 3758 971 3826 longue
1005 3769 1052 3809 et
1087 3763 1230 3810 iuxta
1263 3762 1310 3810 L
1426 3760 1616 3832 juxta]
1656 3779 1687 3810 r
1719 3762 1849 3811 iusta
1887 3762 1933 3813 R
2087 3762 2153 3812 10
2188 3762 2512 3812 diffinitionis
2549 3763 2644 3813 GL
2794 3760 2967 3832 eausa]

379 3836 535 3865 canuc

380 3880 644 3929 cuiusdam
680 3881 747 3931 M
783 3881 1052 3938 cuiusdam
1092 3881 1140 3929 L
1311 3898 1425 3931 cum
1463 3879 1828 3945 consequenti]
1876 3898 1988 3930 cum
2028 3884 2257 3944 sequenti
2299 3882 2346 3930 L
2393 3884 2658 3946 &sequenti
2698 3884 2748 3932 N
2792 3899 2971 3934 conse-

379 3951 552 4011 quenti
579 3951 623 3999 G
769 3951 823 4001 11
868 3949 1191 4016 acceperunt]
1221 3967 1251 3999 r
1285 3954 1573 4017 acceperint
1601 3953 1646 4002 R
1790 3952 1853 4003 12
1893 3968 1956 4001 ns
1994 3967 2404 4003 consrnvcrtone
2442 3968 2780 4004 Ριιοκοηιιινιι
2812 3955 2968 4004 inser.

381 4020 430 4068 Ν
567 4019 1027 4085 Quemadmodum]
1067 4039 1096 4069 r
1134 4023 1560 4083 quemadmonum
1602 4023 1646 4071 R
1683 4022 2126 4084 quemammodum
2165 4023 2213 4071 L
2359 4023 2420 4074 13
2459 4025 2756 4073 nominatiu’
2791 4022 2834 4072 S

381 4091 724 4141 nominatiuus
761 4091 966 4154 quidem
1004 4092 1301 4142 transitiuae
1335 4092 1375 4142 O
1516 4089 1857 4186 intransitive]
1898 4108 1929 4140 r
1961 4092 2316 4143 intransitiuae
2353 4093 2450 4144 BD
2590 4093 2811 4156 obliquis
2846 4109 2970 4144 uero

379 4228 677 4277 transitiuae
713 4228 937 4292 obliquis
970 4244 1092 4279 uero
1125 4230 1427 4297 transitiuae
1459 4231 1540 4280 Ην·
1711 4231 1778 4280 14
1826 4188 2192 4297 οοιιίιιιιςῖιιιιιι·
2230 4176 2542 4283 Πιιιὴειξιίειιιε
2575 4234 2654 4285 Rr
2829 4234 2968 4285 theo-

378 4366 527 4418 tistns
560 4366 642 4418 laic
671 4375 722 4417 et
747 4383 849 4431 per
883 4383 992 4433 sqq.
1025 4351 1084 4415 *N
1235 4366 1298 4418 15
1334 4312 1583 4418 tzaoctisti
1608 4365 1699 4432 (b)
1735 4367 1817 4418 Iu’c
1853 4375 1904 4418 et
1936 4371 1991 4418 in
2022 4385 2133 4435 sqq.
2170 4370 2201 4418 Ιι
2239 4372 2373 4420 inter·
2406 4387 2433 4419 e
2465 4377 2518 4420 et
2556 4386 2585 4420 o
2622 4374 2725 4421 siue
2761 4376 2972 4424 immisso

375 4440 479 4486 sive
518 4452 672 4486 eraso
703 4440 751 4487 D
783 4439 998 4487 teoctisti
1020 4454 1068 4485 -r
1103 4439 1335 4488 teoctiste
1365 4437 1412 4488 R
1554 4437 1694 4488 illins
1723 4439 1767 4488 G
1907 4439 2217 4503 Tbeoctisto]
2259 4457 2290 4489 r
2326 4440 2567 4491 theotisto
2605 4442 2651 4491 R
2691 4449 2740 4490 et
2769 4445 2845 4492 sic
2873 4458 2973 4506 per

375 4521 506 4570 sqq:
673 4507 732 4556 to
780 4508 862 4557 vel
907 4509 1060 4558 istum
1108 4523 1199 4559 om.
1241 4507 1282 4557 Ο
1458 4508 1521 4558 17
1571 4507 1802 4573 gaudeo]
1838 4524 1869 4555 r
1914 4511 2105 4574 gaudio
2140 4510 2241 4559 RD
2420 4510 2485 4562 18
2520 4512 2749 4578 iungitur
2782 4515 2833 4562 D

391 4300 688 4309 -----------------------

378 4601 604 4691 ''mprtus
643 4627 697 4684 Ν,
778 4683 785 4690 ,
847 4630 896 4678 iu
930 4644 1035 4678 voe.
1076 4627 1370 4677 naturaliter
1405 4628 1587 4679 desinit
1624 4630 1668 4679 G
1835 4628 1900 4678 19
1937 4627 2011 4694 ιιι]
2040 4626 2161 4678 -ἓ-ιιι.
2196 4629 2238 4678 S
2410 4630 2524 4696 vel]
2562 4648 2594 4681 r
2628 4631 2678 4681 ac
2710 4632 2757 4683 R
2902 4634 2972 4682 le-

376 4713 500 4761 gen
522 4696 621 4761 (re)
663 4700 711 4747 D
775 4697 780 4702 ’
883 4699 1042 4764 Ver-9.
1082 4697 1210 4751 Aen.
1251 4698 1300 4747 X
1335 4698 1437 4748 228
1472 4714 1551 4763 aq.
1703 4699 1772 4750 23
1806 4698 2272 4764 constructionem]
2307 4717 2337 4748 r
2379 4702 2754 4751 constructione
2788 4703 2845 4752 Β

375 4768 440 4815 24
479 4767 776 4816 transitiuae
814 4766 897 4818 nr
1042 4775 1160 4852 post
1197 4768 1487 4816 transitive:
1529 4774 1582 4816 ut
1607 4768 1898 4832 apollonius
1937 4770 2062 4834 legit
2099 4770 2363 4819 homerum
2403 4770 2709 4834 (homorum
2743 4771 2812 4832 d)
2848 4773 2971 4820 add.

374 4835 465 4890 Sd.
507 4840 660 4887 notis
664 4860 725 4867 -
749 4845 849 4886 ec:
887 4839 1086 4888 inclusit
1121 4840 1154 4890 ι’.
1192 4854 1235 4887 e.
1281 4838 1497 4887 delenda
1533 4853 1644 4887 esse
1680 4840 1982 4904 siqnificavie
2012 4838 2055 4886 S
2230 4839 2501 4890 theotistus
2536 4840 2607 4891 M
2764 4841 2833 4890 25
2869 4842 2976 4906 spi-

378 4895 475 4968 rat]
512 4907 582 4955 rd
613 4909 754 4972 spira
793 4907 840 4956 R
877 4909 1038 4971 spiret
1075 4909 1123 4957 D
1274 4908 1407 4956 enim
1442 4908 1564 4957 add.
1602 4923 1634 4955 r

2454 4995 2572 5056 10*
