3576 5595
1374 418 1598 483 LIBER
1646 420 1774 481 xlll
1823 428 2044 483 14--17
2924 421 2990 480 ¹1

516 536 782 589 μενῶ-63
816 536 860 575 P.
2493 535 2496 537 ·
2546 536 2811 589 ,κως-τυ
2840 536 2894 577 κ.

716 607 814 666 Ex
859 606 1128 666 ordine
1175 605 1482 684 fulgens
1528 606 1643 667 cui
1690 606 1813 667 dat
1850 625 2111 667 nomen
2156 606 2476 685 sinopes
2511 603 2539 689 Η

583 708 815 769 Tertius
859 707 1066 767 modus
1113 705 1521 768 declinationis
1561 708 1976 789 pronominum
2015 716 2140 781 est,
2197 708 2297 786 qui
2356 709 2622 786 sequitur
2658 729 2764 789 per
2805 709 2998 770 omnia
3040 716 3101 768 16

414 810 716 872 mobilium
738 809 1184 871 declinationem
1212 809 1544 882 nominum,
1586 805 1594 891 Ι
1634 813 1984 871 ‘meusmea
2011 811 2251 883 meum',
2281 813 2442 870 ‘tuus
2469 818 2566 871 tua
2589 814 2801 885 tuum',
2833 815 3003 872 ‘suus

416 931 522 973 sua
548 914 766 987 suum’,
794 912 1022 973 ‘noster
1046 917 1246 972 nostra
1271 914 1584 985 nostrum',
1613 913 1830 972 ‘vester
1855 920 2047 972 vestra
2076 914 2376 972 vestrum'.
2438 911 2758 972 notandum
2789 919 3000 985 tamen,

362 1034 387 1070 5
414 1012 825 1091 quod‘meus’,
852 1031 988 1075 cum
1011 1011 1334 1074 secundum
1361 1013 1622 1092 regulam
1649 1013 1973 1074 vocativum
2000 1012 2243 1073 deberet
2267 1013 2461 1073 facere
2487 1014 2548 1072 ‘o
2576 1017 2752 1086 mee’,
2782 1014 3004 1093 eupho-

414 1115 543 1175 niae
572 1133 747 1176 causa
778 1114 923 1177 duas
957 1133 989 1175 e
1019 1115 1227 1175 breves
1270 1106 1330 1175 in
1374 1115 1394 1175 i
1437 1115 1672 1193 longam
1715 1114 2017 1175 convertit.
2066 1115 2473 1175 Terentius
2517 1114 2578 1175 in
2624 1114 3001 1195 adelphis:

348 1212 355 1217 ’
1686 1235 1721 1275 o
1765 1222 1860 1277 mi
1903 1216 2295 1291 Aeschine,
2732 1234 2736 1238 ·

480 1377 484 1381 ,
720 1315 768 1375 Ο
804 1322 897 1378 mi
940 1334 1297 1395 germane.

414 1419 569 1480 idem
604 1419 665 1479 in
709 1419 1081 1480 eunucho:

344 1541 391 1580 ιο
723 1520 901 1594 Eho,
948 1519 1307 1581 Parmeno
1347 1532 1477 1593 nu,
1523 1518 1828 1583 nostin?

416 1622 563 1682 adeo
601 1629 794 1682 autem
836 1620 1141 1683 masculini
1184 1630 1274 1683 est
1316 1622 1607 1683 vocativus
1651 1621 1989 1701 possessivi,
2036 1627 2095 1681 et
2135 1639 2255 1681 non
2300 1622 2601 1698 genetivus
2646 1621 2733 1682 vel
2779 1622 3005 1682 dativus

416 1723 690 1803 primitivi
727 1741 834 1802 per
870 1741 1219 1802 syncopam,
1276 1723 1432 1801 quod
1486 1722 1835 1801 quibusdam
1878 1721 2133 1797 videtur,
2184 1721 2338 1800 quod
2389 1740 2707 1800 numquam
2753 1723 3006 1783 vocative

420 1824 671 1903 positum
715 1825 994 1885 feminino
1038 1824 1126 1884 vel
1173 1832 1379 1886 neutro
1424 1824 1772 1903 adiungitur.
1866 1822 2033 1884 cuius
2077 1822 2313 1900 quidam
2359 1810 2776 1884 nominativum
2832 1824 3006 1884 etiam

420 1926 479 1986 in
520 1926 661 1987 ‘ius'
707 1926 1006 1999 dixerunt,
1048 1925 1204 2003 quod
1248 1928 1308 1986 et
1354 1926 1752 1988 Charisius
1798 1932 1857 1985 et
1900 1924 2171 1986 Celsus
2215 1923 2548 1986 ostendunt.

348 2045 394 2086 ιε»
594 2027 852 2097 Quartus
891 2027 1103 2089 modus
1147 2035 1254 2101 est,
1299 2028 1397 2106 qui
1445 2027 1707 2105 sequitur
1747 2046 1856 2106 per
1898 2044 2107 2088 omnes
2154 2043 2327 2087 casus
2370 2025 2574 2087 tertiae
2601 2026 3007 2088 declinationis

421 2116 687 2203 nomina,
745 2130 1005 2190 ‘nostras
1047 2128 1371 2204 nostratis’·‚
1429 2128 1582 2207 quod
1644 2128 1775 2189 ideo
1820 2128 1879 2188 in
1926 2136 2181 2190 extrema
2241 2127 2718 2190 circumflectitur
2770 2128 3006 2207 syllaba,

422 2231 579 2310 quod
624 2226 732 2310 per
777 2249 1091 2311 syncopam
1138 2232 1461 2311 profertur;
1520 2229 1901 2291 vetustissimi
1944 2230 2100 2291 enim
2138 2227 2386 2292 similem
2441 2229 2706 2309 genetivo
2745 2230 3011 2291 nomina-

422 2333 600 2394 tivum
645 2350 877 2411 quoque
922 2332 1313 2412 proferebant.

593 2434 692 2494 ‘O'
740 2452 858 2494 non
905 2452 1038 2495 esse
1081 2451 1440 2513 pronomen,
1499 2433 1696 2494 multis
1750 2432 1943 2493 modis
1992 2432 2338 2495 ostenditur.
2427 2452 2561 2494 uam
2602 2452 2670 2494 ex
2736 2450 2852 2511 quo
2898 2434 3178 2494 sit111117

345 2553 396 2593 το
422 2535 817 2598 nominativo?
903 2538 1035 2596 ‘tu’
1083 2535 1270 2610 enim,
1334 2534 1489 2613 quod
1541 2541 1634 2595 est
1677 2534 1970 2595 secundae
2015 2554 2332 2614 personae,
2393 2535 2642 2597 eundem
2687 2534 2864 2595 hahet
2905 2552 3011 2594 no—

422 2638 759 2699 minativum
815 2646 873 2698 et
926 2637 1277 2710 vocativum,
1336 2637 1434 2715 qui
1493 2637 1739 2698 assumit
1793 2638 1899 2712 ‘o',
1953 2644 2019 2697 ut
2058 2638 2120 2696 ‘o
2162 2642 2270 2697 tu’.
2376 2638 2542 2712 ‘hic',
2589 2637 2804 2709 ‘haec',
2848 2636 3008 2696 ‘hoc’

423 2740 627 2802 tertiae
670 2746 808 2803 sunt
845 2757 1163 2824 personae,
1212 2755 1362 2817 quae
1397 2746 1558 2800 caret
1596 2738 1881 2800 vocativo.

590 2842 738 2903 Non‘
766 2849 855 2902 est
893 2841 1069 2920 igitur
1108 2859 1464 2920 pronomen:
1509 2860 1618 2902 nec
1661 2839 1941 2902 articulus
1984 2860 2152 2915 vero,
2199 2860 2333 2902 cum
2379 2859 2614 2921 semper
2665 2841 2726 2902 in
2770 2842 3013 2902 demon-

426 2944 706 3005 stratione
745 2943 980 3023 ponitur
1013 2945 1122 3016 (θ’,
1159 2960 1308 3021 quae
1353 2943 1641 3004 contraria
1688 2951 1778 3003 est
1821 2943 2117 3017 relationi,
2163 2921 2337 3021 quam
2378 2942 2657 3005 articulus
2702 2941 3009 3022 significat.

348 3061 399 3100 25
426 3044 637 3106 deinde
678 3042 987 3105 articulum
1015 3042 1258 3105 Romani
1299 3063 1418 3104 non
1459 3044 1692 3106 hahent.
1784 3063 1919 3106 nam
1965 3045 2192 3118 ‘idem',
2238 3045 2500 3123 quamvis
2541 3033 2799 3116 ὃαῦτός,
2856 3045 3012 3123 quod

428 3156 518 3207 est
556 3145 836 3206 articulus
880 3145 1306 3225 praepositivus
1350 3165 1484 3206 cum
1532 3145 1911 3225 pronomine,
1959 3146 2278 3223 significet,
2326 3145 2480 3224 apud
2513 3165 2622 3206 nos
2653 3153 2848 3206 tamen
2891 3165 3009 3206 non

428 3268 495 3309 ex
542 3247 786 3309 articulo
832 3255 891 3307 et
930 3246 1310 3328 prossnomine
1369 3246 1769 3335 componitur,
1831 3246 2324 3326 quemadmodum
2369 3247 2523 3326 apud
2566 3247 2851 3320 GraecoS,
2907 3247 3013 3307 sed

427 3370 495 3410 ex
532 3349 879 3430 pronomine
925 3358 982 3409 et
1025 3347 1337 3432 adlverbio,
1379 3349 1478 3410 ‘is'
1519 3359 1578 3409 et
1623 3349 1929 3410 ‘demum’.
2021 3348 2169 3426 ‘qui'
2225 3367 2489 3427 quoque,
2540 3340 2732 3424 ὅστις,
2788 3344 3011 3426 signifi-=

427 3451 656 3513 catione
695 3451 1190 3530 interpretationis
1236 3450 1461 3511 videtur
1494 3450 1710 3512 habere
1754 3449 2064 3512 articulum
2107 3449 2567 3522 subiunctivum,
2635 3449 2882 3529 simplex
2926 3456 3013 3509 ta-

569 3637 591 3688 l
632 3635 855 3702 fulgens]
905 3635 1077 3702 pulvis
1128 3638 1247 3687 Ter.
1285 3636 1366 3686 ed.
1406 3638 1574 3700 princ.
1734 3634 1956 3701 nomen]
1997 3635 2162 3686 locum
2206 3637 2537 3687 Terentianus
2708 3634 2951 3700 sinophes
2983 3634 3015 3683 h

427 3708 625 3772 sinopis
675 3708 1005 3757 Terentianus
1157 3709 1189 3756 2
1224 3706 1295 3755 De
1336 3707 1492 3755 tercia
1527 3703 1666 3756 decli
1699 3707 2016 3771 pronominis
2054 3709 2210 3756 inser.
2247 3708 2265 3754 1
2403 3713 2480 3755 est
2513 3705 2868 3757 declinationis
2897 3719 3016 3770 pro-

428 3779 686 3826 nominum
723 3778 767 3826 G
905 3777 937 3826 5
973 3774 1197 3842 deberet]
1245 3775 1277 3824 h
1320 3776 1471 3825 debet
1503 3777 1565 3825 Η
1697 3777 1933 3827 eufoniae
1974 3778 2016 3826 G
2156 3776 2192 3826 6
2225 3775 2353 3825 duas
2391 3792 2449 3825 ee
2482 3792 2513 3824 r
2660 3776 2775 3826 Ter.
2810 3774 3011 3838 adelph.

426 3865 467 3913 ll
503 3866 565 3921 4,
600 3864 633 3912 4
665 3878 742 3926 sq.
892 3863 922 3914 7
966 3855 1200 3912 ”eschiue
1243 3862 1300 3910 K
1341 3861 1545 3911 eschine
1580 3863 1677 3913 BL
1722 3863 1920 3912 escinae
1954 3862 2002 3910 Β
2188 3861 2223 3911 9
2275 3863 2389 3913 Ter.
2433 3877 2543 3912 eun.
2591 3863 2634 3912 Il
2670 3861 2730 3921 3,
2775 3860 2843 3911 60

428 3933 656 3983 eunucho
693 3933 736 4001 G
769 3931 986 3981 iunocho
1021 3932 1076 3981 K
1217 3930 1282 3981 10
1317 3930 1434 3997 eho]
1478 3931 1576 3980 heu
1611 3933 1715 3982 LK
1853 3933 2202 3996 parmen.omi
2236 3931 2286 3981 B
2457 3929 2648 3996 nostin]
2690 3947 2720 3979 r
2751 3931 2936 3980 nostim
2971 3931 3015 3978 lt

566 4051 631 4102 12
665 4051 800 4115 quod
835 4049 1160 4116 quibusdam]
1195 4052 1225 4101 b
1259 4067 1384 4114 qun
1412 4052 1715 4114 quibusdam
1745 4053 1798 4101 B
1940 4051 2003 4103 13
2037 4051 2225 4101 semino
2251 4052 2297 4102 R
2437 4026 2721 4102 etiammids
2754 4050 2799 4098 D
2954 4050 3015 4099 14

428 4175 476 4221 in
515 4170 617 4236 ius]
653 4187 684 4220 r
730 4174 778 4221 iu
823 4172 900 4220 ios
930 4172 1038 4221 RH
1080 4173 1211 4222 mitis
1247 4173 1300 4222 K
1341 4172 1475 4221 mins
1516 4171 1595 4221 uel
1640 4172 1770 4223 mios
1813 4174 1866 4223 B
2036 4171 2315 4234 charissius
2349 4173 2427 4223 Ην·
2470 4134 2685 4221 υιῖιτίεἰιιο
2715 4170 2761 4219 Β
2803 4170 3016 4218 carisius

429 4241 579 4291 GLK
717 4240 975 4292 Charisius
1000 4256 1052 4303 ρ.
1090 4241 1190 4293 133
1228 4242 1292 4294 Ρ.
1331 4240 1429 4291 159
1460 4242 1527 4291 Κ.
1672 4241 1871 4304 caelsus
1904 4243 1963 4292 K
1991 4241 2195 4291 caelsus
2224 4242 2272 4291 L
2454 4241 2517 4292 15
2557 4240 2630 4290 De
2675 4247 2851 4303 quarta
2883 4239 3017 4289 decli

375 4326 385 4336 ·
428 4311 804 4376 pronominum.
834 4315 985 4360 macr.
1025 4314 1045 4360 l
1198 4311 1262 4360 16
1292 4311 1686 4360 circuntleetitur
1724 4314 1769 4361 L
1926 4310 1991 4362 19
2031 4311 2100 4361 De
2135 4326 2194 4359 eo
2232 4311 2368 4373 quod
2398 4325 2496 4362 uon
2534 4311 2602 4360 sit
2634 4325 2664 4359 o
2703 4310 3017 4374 pronominis

428 4380 711 4431 uocatiuuS.
750 4380 841 4428 sed
879 4381 1109 4428 uocantis
1142 4381 1439 4431 aduerbium
1474 4381 1629 4433 inser.
1667 4382 1686 4429 l
1824 4395 2098 4445 pronomen
2136 4395 2227 4430 nee
2260 4379 2368 4445 (uel
2398 4380 2631 4431 Heidelb.
2672 4387 2798 4429 teste
2830 4379 3017 4440 Lina.)

425 4448 669 4498 articulus
701 4448 994 4513 (articulum
1029 4448 1058 4496 Ιι
1098 4447 1216 4514 (non
1252 4447 1332 4513 H)
1378 4449 1615 4499 Heidelb.
1651 4450 1834 4514 aliique
1867 4450 2014 4503 codd.
2049 4448 2278 4513 Kreltlii)
2335 4450 2453 4499 libri
2611 4449 2672 4499 21
2711 4450 2936 4498 adsumit
2969 4448 3019 4496 B

562 4569 647 4617 hie
674 4588 730 4620 *α
775 4568 902 4617 haec
933 4588 989 4620 u
1026 4568 1124 4618 hoe
1168 4569 1404 4635 (et—et)
1442 4570 1493 4619 K
1675 4570 1742 4620 22
1777 4547 1914 4619 eargt
1960 4570 2005 4618 D
2058 4627 2072 4646 9
2172 4570 2253 4647 34,
2277 4544 2528 4619 contrarii)
2562 4571 2610 4620 Β
2777 4565 2951 4632 quam]
2989 4584 3020 4616 r

426 4653 575 4699 quem
608 4641 654 4690 R
825 4638 893 4688 25
926 4637 1180 4701 habehant
1211 4640 1271 4688 H
1440 4635 1578 4703 nam]
1614 4655 1643 4686 r
1691 4638 1799 4688 Non
1837 4640 1882 4688 13
2047 4653 2077 4686 o
2115 4637 2304 4703 αυτος]
2357 4639 2481 4689 add.
2509 4638 2547 4687 d
2589 4653 2795 4689 owvroc
2828 4638 2879 4686 B

426 4709 489 4757 27
521 4707 982 4772 quaemadmodum
1012 4711 1071 4758 H
1111 4709 1556 4771 quemammodum
1590 4709 1687 4758 BL
1837 4709 1904 4758 28
1938 4695 2114 4772 ὅστις]
2153 4708 2276 4758 add.
2314 4708 2352 4756 d
2494 4702 3016 4774 sigitiflcatione*(m)

426 4828 482 4876 H
514 4827 887 4893 significatione
921 4829 973 4877 B
1110 4826 1179 4878 29
1210 4826 1661 4893 interpretationis]
1696 4827 1729 4875 Ιι
1769 4803 2133 4892 ἰυιεῷῑτιῑίοιιὲἰ
2165 4828 2295 4877 [tr-D
2334 4827 2742 4891 interpretatione
2772 4828 2830 4876 11
2861 4833 2911 4876 ec
2946 4841 3016 4875 ex

428 4897 834 4963 interpretatione
871 4913 1009 4951 corr.
1051 4898 1102 4946 B
1243 4898 1568 4948 subiunctum
1601 4899 1661 4946 ll
1688 4897 2117 4947 subiunctatiuum
2155 4897 2211 4947 K
