3576 5595
564 383 690 450 488
1674 386 2015 448 PRISClAN
2025 387 2043 447 l

664 515 711 556 p.
732 502 934 545 iai-aa
952 503 999 543 P.
2734 516 2778 556 ρ.
2798 503 2976 545 :iu-24
2998 502 3054 545 κ.

563 574 846 649 dicimus;
886 574 978 634 sin
1010 580 1204 635 autem
1233 592 1438 636 amans
1468 572 1652 644 illius,
1683 592 1901 634 nomen
1935 582 2044 646 est,
2076 575 2232 653 quod
2263 574 2551 651 significat
2577 562 2609 632 ὁ
2640 569 2884 651 ἐραστὴς
2913 569 3156 634 ἐκείνου.

433 676 530 729 123
567 676 724 737 unde
781 683 839 736 et
894 676 1390 755 comparationem
1451 675 1693 754 accipit,
1750 675 2041 736 amantior
2084 676 2541 736 amantissimus,
2612 675 2899 736 similiter
2945 676 3159 737 timens

564 777 727 838 illum
797 785 852 836 et
901 777 1109 839 timens
1154 777 1340 850 illiue,
1384 777 1614 854 fugiens
1658 776 1821 837 illum
1881 785 1938 837 et
2000 777 2229 854 fugiens
2290 776 2476 851 itlius,
2521 785 2582 838 ut
2637 777 3040 837 Terentius
3098 776 3158 837 in

565 878 1005 940 Phormione
1051 878 1389 955 ‘fugiens
1432 876 1731 937 litium'.
1792 897 2027 957 semper
2070 889 2264 938 tamen
2309 898 2377 939 ex
2421 879 2728 958 participio
2774 878 3100 958 praesentis
3147 875 3158 960 Ι

567 979 846 1060 temporis
891 988 948 1039 et
998 980 1102 1040 tria
1149 979 1428 1057 gerundia
1474 978 1561 1038 vel
1607 978 1988 1059 participialia
2048 978 2241 1040 solent
2294 980 2457 1041 nasci
2511 980 2701 1040 ablata
2747 1000 2776 1040 s
2823 987 2880 1039 et
2923 975 3201 1060 addisstas

567 1081 624 1141 di
681 1081 756 1141 do
820 1081 999 1153 dum,
1060 1089 1127 1141 ut
1181 1087 1386 1141 amans
1446 1080 1674 1141 amandi
1730 1081 1981 1142 amando
2039 1081 2384 1154 amandum,
2445 1080 2756 1141 lacrimans
2819 1080 3161 1141 lacrimandi

570 1182 929 1243 lacrimando
993 1181 1448 1256 lacrimandum,
1520 1189 1577 1243 et
1630 1182 2002 1261 participium
2058 1183 2235 1242 futuri
2309 1182 2604 1262 passivum
2676 1182 3069 1243 lacrimandus
3129 1200 3162 1242 a

433 1286 535 1338 124
573 1273 863 1344 lacrimor.
954 1291 1046 1344 est
1088 1293 1279 1344 tamen
1328 1285 1500 1344 etiam
1543 1303 1791 1357 nomen,
1849 1271 1881 1342 ὃ
1927 1280 2259 1362 δακρυτέος.
2350 1285 2575 1354 Quotae
2622 1293 2710 1344 est
2757 1283 3163 1343 declinationis

570 1383 923 1446 lacrimans?
976 1385 1223 1446 Tertiae.
1298 1385 1491 1447 omnia
1540 1386 1691 1445 enim
1739 1383 2039 1464 part³cipia
2081 1385 2408 1463 praesentis
2451 1385 2731 1464 temporis
2778 1385 2981 1445 tertiae
3027 1393 3164 1446 sunt

570 1485 975 1547 declinationis
1001 1532 1017 1560 ,
1075 1495 1277 1565 utpote
1316 1486 1374 1546 in
1436 1486 1581 1547 duas
1626 1486 1951 1547 desinentia
1988 1496 2403 1548 consonantes,
2496 1487 2791 1565 praeteriti
2836 1504 2972 1546 vero
3015 1493 3238 1547 tem-to

571 1587 735 1666 poris
779 1597 836 1649 et
877 1588 1055 1649 futuri
1102 1586 1406 1667 participia
1451 1607 1585 1648 cum
1631 1588 1750 1647 sint
1796 1587 2062 1662 mobilia,
2110 1588 2495 1650 masculinum
2540 1595 2598 1647 et
2639 1596 2910 1648 neutrum
2952 1606 3165 1648 secun-

573 1688 681 1748 dae
742 1688 961 1750 habent
1013 1688 1445 1758 declinationis,
1486 1688 1841 1753 femininum
1897 1708 2032 1750 vero
2088 1690 2341 1769 primae,
2403 1697 2467 1749 ut
2510 1688 2605 1749 hic
2658 1697 2716 1750 et
2763 1689 2909 1749 haec
2947 1697 3005 1748 et
3046 1688 3161 1752 hoc

573 1789 917 1863 lacrimanS,
966 1789 1305 1850 lacrimatus
1354 1790 1649 1851 lacrimata
1706 1789 2107 1860 lacrimatum,
2156 1790 2547 1851 lacrimandus
2592 1789 2943 1852 lacrimanda
2992 1789 3159 1851 lacri-

573 1891 881 1964 mandum,
924 1891 1333 1952 lacrimaturus
1376 1891 1748 1952 la’crimatura
1798 1892 2252 1953 lacrimaturum.

444 1998 540 2050 125
748 1992 1019 2054 Classi:
1064 1993 1338 2072 superius
1369 1993 1441 2052 de
1486 1994 1600 2053 hoc
1636 1993 1998 2053 sufficienter
2045 1992 2437 2054 tractavimus,
3184 2002 3235 2042 ¹⁵

754 2094 904 2164 Que
946 2112 1095 2172 quae
1139 2112 1274 2173 pars
1320 2093 1601 2154 orationis
1645 2093 1777 2155 est?
1839 2094 2207 2157 Coniunctio.
2284 2095 2437 2165 Quid
2476 2103 2567 2156 est
2601 2092 2982 2155 coniunctio?
3026 2094 3168 2154 Pars

574 2196 856 2257 orationis
922 2195 1243 2256 adnectens
1300 2196 1697 2273 ordinansque
1748 2195 2089 2257 sententias
2181 2197 2338 2267 Quot
2402 2193 3168 2257 accidunt·coniunctioni?

573 2299 738 2370 Tria,
799 2303 1062 2376 potestas
1117 2296 1261 2356 ordo
1319 2299 1521 2373 ligura.
1606 2297 1786 2357 Cuius
1843 2305 1933 2357 est
1993 2295 2354 2376 potestatis?
2442 2293 2895 2380 Copulativae,}
2946 2297 3170 2366 ordinis

576 2397 962 2477 postpositivi.
1047 2403 1138 2457 est
1183 2405 1376 2458 autem
1426 2396 1758 2457 encliticum
1806 2407 1862 2457 et
1906 2398 2051 2458 haec
2093 2408 2149 2459 et
2194 2398 2339 2458 aliae
2394 2398 2542 2458 duae
2587 2397 3054 2467 coniunctioneS‚
3101 2416 3170 2459 ve

576 2509 633 2560 et
672 2518 765 2560 ne.
832 2517 906 2558 ne
937 2506 1128 2559 autem
1161 2497 1313 2558 solet
1353 2498 1526 2557 etiam
1563 2497 1787 2558 abiecta
1822 2519 1854 2558 e
1888 2498 2213 2560 encliticam
2250 2499 2361 2558 vim
2398 2498 2730 2577 possidere,
2772 2507 2834 2559 ut
2862 2499 3243 2578 ‘Pyrrin,eo

576 2604 894 2662 tanton’.
939 2618 1089 2677 quae
1132 2598 1422 2672 enclitica,
1457 2598 1514 2658 id
1565 2606 1653 2658 est
1695 2617 1809 2675 que
1856 2619 1921 2660 ve
1968 2618 2060 2672 ne,
2108 2599 2643 2680 praepositionibus
2686 2608 2822 2660 ante
2863 2620 2928 2660 se
2961 2601 3168 2679 positis

578 2719 696 2763 non
748 2700 979 2778 erigunt
1035 2708 1327 2761 extremae
1386 2699 1641 2779 syllabae
1693 2701 2020 2778 fastigium,
2076 2709 2141 2761 ut
2194 2704 2585 2780 ‘propterque
2640 2699 2862 2772 illum',
2912 2702 3173 2762 ‘interve

451 2813 548 2864 126
581 2802 908 2864 homines’.
1000 2802 1181 2863 Cuius
1214 2812 1303 2863 est
1346 2800 1566 2880 figurae
1608 2801 1764 2880 que?
1807 2802 2121 2882 Simplicis
2210 2803 2535 2883 composita
2579 2822 2694 2881 que
2736 2822 2972 2882 semper
3009 2812 3172 2882 post-

565 2888 844 2984 ponitur,
887 2914 948 2964 ut
993 2911 1166 2981 atque
1209 2921 1444 2981 quoque
1487 2922 1757 2982 namque.
1835 2903 2108 2983 syllabice
2153 2923 2386 2982 quoque
2432 2903 2665 2964 additur
2700 2904 2758 2964 in
2808 2907 2922 2965 tine
2959 2913 3017 2964 et
3062 2906 3171 2965 vim

578 3004 1011 3067 coniunctionis
1061 3004 1273 3066 amittit
1328 3004 1663 3079 encliticae‚
1722 3014 1786 3067 ut
1842 3005 2098 3083 undique
2149 3004 2401 3082 denique
2446 3005 2670 3083 itaque,
2731 3005 2965 3082 quando
3007 3013 3245 3065 ante-2⁶

583 3105 943 3186 paenultimo
994 3113 1167 3167 acuto
1219 3106 1542 3185 profertur,
1589 3106 1643 3166 id
1691 3114 1782 3166 est
1822 3106 2055 3184 quando
2097 3106 2431 3167 coniunctio
2475 3114 2564 3167 est
2608 3106 2929 3168 rationalis·
3019 3114 3177 3167 utra·

585 3226 700 3286 que
755 3216 812 3268 et
863 3207 1174 3288 pleraque,
1233 3207 1566 3284 quaeritur,
1623 3226 1755 3268 cum
1815 3205 1934 3267 siut
1992 3227 2103 3267 una
2161 3220 2300 3287 pars
2355 3207 2637 3285 orat'mnis
2685 3227 2795 3268 nec
2837 3227 2951 3286 que
2994 3207 3175 3267 divisa

583 3328 691 3389 pro
731 3309 1144 3370 coniunctione
1187 3308 1538 3387 accipiatur,
1586 3328 1691 3369 cur
1729 3328 1846 3369 non
1892 3309 2128 3369 tertium
2175 3309 2247 3369 ab
2295 3309 2493 3369 ultima
2541 3318 2779 3369 acutum
2825 3308 3173 3369 habueruut.

584 3410 642 3470 in
697 3429 813 3487 quo
863 3429 1179 3489 possumus
1223 3410 1449 3484 dicere,
1493 3410 1648 3487 quod
1696 3420 1975 3470 accentus
2022 3409 2478 3471 masculinorum
2525 3419 2582 3470 et
2629 3419 2998 3480 neutrorum,
3043 3409 3177 3487 quia

582 3511 978 3592 paenultimus
1036 3519 1126 3571 est
1176 3519 1418 3583 acutus,
1457 3511 1614 3570 acuit
1660 3511 1831 3570 etiam
1878 3510 2151 3572 feminina
2196 3512 2256 3571 in
2304 3530 2469 3571 suam
2514 3511 2700 3589 legem
2754 3507 3248 3594 concidensstia.so
3288 3514 3309 3525 “

445 3620 542 3671 127
584 3633 693 3674 nec
734 3614 947 3676 mirum
980 3611 1308 3691 euphoniae
1341 3629 1518 3672 causa
1547 3611 1660 3671 hoc
1704 3612 1760 3671 iu
1800 3611 1891 3672 his
1924 3613 2221 3686 evenisse,
2261 3630 2395 3673 cum
2425 3612 2484 3672 in
2510 3612 2638 3674 aliis
2671 3631 2903 3690 quoque
2936 3613 3179 3691 quibus-

582 3715 714 3775 dam
750 3711 1109 3797 comlpositis
1154 3714 1267 3774 hoc
1298 3713 1449 3773 idem
1495 3712 1820 3784 invenitur,
1853 3720 1917 3773 ut
1950 3713 2220 3773 calefacis
2271 3714 2551 3793 tepefacis
2582 3714 3003 3788 suaverubens,
3029 3732 3178 3793 quae

584 3816 779 3877 omnia
811 3816 1026 3876 debent
1059 3814 1381 3876 secundum
1415 3814 1740 3891 analogiam
1769 3804 2328 3893 antepaenultinium
2372 3815 2590 3877 habere
2636 3825 2892 3889 acutum,
2936 3814 3180 3895 paenul-

583 3918 790 3979 timum
823 3928 1014 3978 tamen
1052 3916 1404 3977 habuerunt.

448 4033 546 4087 128
749 4019 1090 4081 Immittit
1136 4036 1284 4095 quae
1331 4036 1467 4097 pars
1514 4017 1795 4077 orationis
1841 4015 1976 4076 est?
2022 4015 2293 4078 Verbum.
2382 4018 2561 4079 Cuius
2603 4017 2804 4079 modi?
2859 4018 3248 4091 ludicativi,³5

581 4114 803 4183 formae
844 4122 1161 4202 perfectae,
1194 4118 1623 4197 coniugationis
1667 4118 1873 4179 tertiae
1916 4126 2252 4199 correptae,
2284 4119 2517 4197 generis
2548 4120 2750 4197 activi,
2784 4122 3011 4182 numeri
3060 4120 3180 4181 sin·
3224 4105 3237 4119 ’

720 4306 753 4357 3
790 4308 842 4356 in
870 4301 1197 4368 Phormione]
1244 4306 1331 4354 llll
1362 4302 1410 4362 3,
1443 4303 1506 4353 18
1648 4305 1682 4353 4
1720 4303 1948 4370 fugitans
1984 4318 2018 4360 ς
2163 4306 2224 4354 15
2251 4304 2507 4371 superins]
2532 4322 2584 4368 p.
2618 4306 2718 4356 482
2862 4306 2925 4357 16
2955 4306 3086 4367 Quid
3112 4334 3183 4344 —

588 4377 650 4428 19
686 4377 851 4443 figura
882 4392 974 4426 om.
1013 4375 1054 4425 8
1200 4374 1262 4425 19
1297 4383 1346 4424 et
1384 4373 1512 4423 haec
1546 4387 1638 4425 om.
1677 4374 1762 4423 OG
1904 4373 1973 4421 20
2013 4375 2274 4440 possidere
2316 4376 2400 4425 06
2446 4376 2663 4424 retinere
2700 4374 2742 4423 S
2880 4386 2934 4425 ut
2971 4376 3178 4440 phyrrin

582 4457 759 4498 tanton
798 4447 883 4496 66
919 4456 972 4495 ut
1014 4447 1214 4512 persius
1253 4452 1427 4494 tanton
1461 4463 1646 4493 *μοι
1677 4442 1760 4492 8.·
1796 4444 1865 4505 ef.
1919 4445 2112 4509 Ver-917.
2137 4444 2268 4493 Aen.
2308 4446 2373 4493 llI
2416 4444 2519 4494 319
2562 4446 2787 4494 Hectoris
2828 4445 3181 4494 Andromache

582 4515 1022 4579 Pyrrin‘conubia
1058 4530 1263 4571 servasi,
1304 4513 1351 4562 X
1386 4512 1489 4564 668
1517 4522 1693 4563 tanton
1733 4528 1814 4561 me
1849 4514 2057 4562 crimine
2086 4514 2318 4580 dignum,
2356 4513 2453 4562 Xt1
2488 4512 2592 4563 503
2629 4522 2802 4562 tanton
2831 4514 3021 4579 placuit
3063 4528 3183 4563 con-

582 4600 786 4634 currere
813 4594 953 4634 motu
1092 4586 1156 4634 21
1187 4584 1239 4633 id
1271 4592 1347 4632 est
1374 4598 1468 4633 om.
1497 4584 1580 4633 66
1721 4584 1787 4632 22
1827 4598 1929 4632 non
1966 4598 2058 4632 om.
2087 4597 2121 4638 ς
2262 4582 2330 4633 23
2362 4598 2565 4648 semper
2599 4599 2691 4634 om.
2718 4583 2804 4633 66
2946 4585 3010 4632 2-1
3043 4599 3182 4632 nam-

583 4669 682 4715 que
718 4653 759 4701 S
804 4655 1004 4715 iamque
1045 4654 1129 4704 CG
1272 4654 1339 4703 25
1382 4653 1564 4702 emittit
1605 4660 1654 4701 et
1691 4652 1910 4700 encletiti
1955 4661 2009 4700 ut
2048 4652 2091 4702 6
2235 4653 2438 4715 quaudo
2488 4661 2654 4701 autem
2697 4653 2976 4718 penultimo
3005 4651 3047 4700 S

582 4723 650 4771 ’26
683 4730 896 4785 utraque
929 4733 977 4771 et
1009 4721 1252 4786 pleraque
1283 4721 1325 4769 S
1363 4731 1574 4784 utraque
1605 4722 1848 4785 pleraque
1879 4722 1964 4771 OG
2105 4722 2170 4770 27
2215 4723 2472 4784 quaeritur
2498 4735 2531 4777 ς
2575 4733 2889 4785 quaeruntur
2917 4721 3003 4770 68
3027 4737 3183 4783 quae-

583 4798 700 4837 runt
735 4789 777 4838 C
913 4806 1004 4839 nec
1035 4806 1132 4852 que
1165 4792 1206 4840 C
1235 4806 1399 4853 neque
1437 4790 1521 4842 68
1635 4791 1806 4839 diuisa
1831 4792 1913 4840 nel
1940 4804 2033 4856 pro
2058 4792 2416 4839 coniunctione
2437 4789 2478 4839 S
2513 4791 2680 4840 diuisa
2717 4792 2799 4840 uel
2830 4792 3184 4840 coniunctione

586 4859 689 4914 CG,
814 4858 881 4907 28
922 4860 1200 4922 accipiatur
1227 4859 1349 4911 Aeci.
1401 4861 1646 4926 accipitur
1677 4859 1807 4910 668
1944 4868 2091 4908 acuta
2118 4861 2158 4909 0
