3576 5595
1412 372 1637 434 {ABER
1682 372 1812 434 xlll
1857 384 2055 438 9—-12
2991 379 3028 435 7

536 500 579 539 p.
607 488 683 527 959
712 487 759 528 P.
2691 504 2733 543 p.
2763 494 2838 531 565
2872 493 2923 531 Κ.

435 558 529 619 illa
583 558 736 618 enim
793 576 945 636 quae
997 557 1346 635 quibusdam
1399 559 1518 619 visa
1570 565 1661 620 est
1712 559 1861 620 ratio
1915 578 2036 619 non
2083 560 2228 620 adeo
2274 562 2438 621 firma
2484 561 2737 633 videtur,
2792 561 2922 622 ideo
2968 562 3025 621 in

434 679 533 721 um
579 661 769 719 facere
822 665 1126 734 neutrum,
1184 659 1319 736 quia
1364 660 1422 720 in
1464 679 1532 721 us
1578 660 1793 722 desinit
1831 646 2252 722 masculinum:
2316 681 2446 722 nam
2489 663 2732 736 ‘alius',
2789 682 2920 724 cum
2967 663 3026 723 in

436 780 506 821 us
548 760 922 835 terminetur,
968 768 1241 822 neutrum
1287 770 1480 822 tamen
1520 760 1750 822 ‘aliud’
1798 761 1951 822 facit.
2041 762 2235 823 omnia
2282 771 2486 823 neutra
2532 763 2773 843 pluralia
2818 764 3044 853 similia·

436 869 573 923 sunt
612 861 1005 941 singularibus
1051 861 1372 935 femininis,
1413 870 1477 924 ut
1521 861 1684 935 qna,
1728 882 1828 936 ea,
1873 863 2077 925 haec'.

384 992 411 1028 s
606 965 796 1045 Supra
862 963 1153 1025 dictorum
1225 963 1637 1043 pronominum
1688 963 2133 1025 declinationem
2192 972 2517 1043 sequuntur
2569 967 2800 1027 nomina
2870 973 3022 1027 octo.

435 1066 494 1126 in
539 1085 609 1127 us
650 1065 886 1141 quidem
924 1064 1250 1126 desinentia
1286 1064 1575 1142 quinque:
1636 1068 1883 1140 ‘unus’,
1922 1066 2180 1140 ‘solus',
2219 1068 2468 1141 ‘totus'‚
2511 1066 2697 1128 ‘alius
2715 1071 2757 1139 ’,
2799 1066 3023 1126 ‘ullus'

434 1166 617 1244 (quod
662 1173 853 1227 tamen
897 1167 969 1228 ab
1011 1185 1130 1227 uno
1172 1165 1572 1227 diminutivum
1618 1185 1751 1227 esse
1796 1166 2089 1245 plerisque
2131 1168 2388 1240 videtur,
2439 1168 2592 1251 sicut
2631 1188 2663 1228 a
2705 1167 2839 1228 vino
2885 1168 3024 1227 ‘vil-

432 1267 615 1344 lum’)
672 1273 731 1327 et
784 1268 943 1345 quod
1000 1268 1073 1329 ab
1120 1288 1189 1329 eo
1232 1267 1605 1347 componitur
1646 1266 1950 1343 ‘nullus’3
2007 1268 2065 1328 in
2116 1288 2180 1329 er
2224 1269 2369 1329 duo:
2426 1272 2650 1341 ‘uter’,
2707 1268 2921 1329 ‘alter'
2968 1277 3024 1329 et

434 1388 502 1428 ex
545 1368 631 1429 eis
669 1369 1023 1449 composita:
1064 1371 1345 1447 ‘uterque
1367 1371 1407 1444 ',
1448 1368 1817 1442 ‘alteruter',
1861 1372 2147 1445 ‘neuter-’3
2194 1369 2252 1431 in
2298 1369 2346 1431 is
2388 1370 2478 1430 vel
2518 1370 2536 1430 i
2580 1390 2780 1445 unum,
2821 1370 3023 1448 ‘quis’

361 1492 407 1532 no
434 1469 522 1530 vel
566 1469 736 1547 ‘qui’
791 1479 850 1530 et
895 1489 1045 1548 quae
1101 1489 1170 1530 ex
1224 1489 1294 1531 eo
1339 1479 1787 1549 componuntur.
1878 1471 2027 1531 haec
2070 1479 2262 1533 tamen
2300 1473 2426 1552 ipsa
2470 1473 2792 1534 secundum
2839 1471 3025 1533 mobi-

432 1572 575 1631 lium
620 1571 880 1650 regulam
926 1572 1229 1633 nominum
1273 1571 1542 1634 solebant
1596 1572 1750 1652 apud
1798 1571 2222 1633 vetustissimos
2266 1573 2578 1634 terminare
2631 1574 2803 1635 etiam
2848 1592 3025 1652 gene-

435 1674 581 1735 tivos
615 1680 674 1734 et
713 1673 971 1748 dativos,
1020 1680 1084 1734 ut
1123 1673 1531 1735 Terentius
1570 1673 1629 1734 in
1674 1673 1973 1734 Andria:

1239 1783 1380 1835 tam
1427 1775 1661 1848 inerS,
1702 1782 1844 1834 tam
1884 1774 2072 1835 nulli
2117 1774 2420 1846 consili,

436 1897 542 1957 pro
581 1877 832 1938 ‘nullius
878 1875 1158 1937 consilii’.
1249 1875 1402 1936 idem
1447 1874 1506 1936 in
1560 1876 2447 1938 heautontimorumeno:

360 1998 407 2037 ιε»
1143 2057 1147 2061 “
1242 1980 1284 2051 †
1329 1977 1493 2037 dum
1537 1976 1887 2054 loquitur
1929 1977 2244 2051 alterae,

433 2101 541 2161 pro
588 2080 850 2153 ‘alten-P,
895 2086 955 2139 et
986 2078 1044 2139 in
1085 2078 1461 2139 eunucho:

739 2180 956 2242 Solae
997 2177 1173 2241 mihi
1214 2179 1546 2241 ridiculo
1589 2179 1763 2252 suit,

432 2285 539 2365 pro
587 2283 766 2356 ‘soli’‚
813 2291 871 2343 et
912 2281 1308 2343 ‘cuicuimodi'
1355 2300 1462 2361 pro
1504 2279 2051 2342 ‘cuiuscuiusmodi’
2106 2282 2370 2343 Cicero
2425 2300 2529 2361 pro
2577 2282 2801 2341 Sexto
2841 2281 3023 2341 Ros-

433 2385 584 2446 cio:
652 2402 918 2444 vereor
976 2382 1193 2455 enim,
1255 2380 1714 2442 cuicuimodi
1773 2402 1879 2457 es,
1946 2383 2010 2443 T.
2061 2383 2310 2456 Rosci,
2382 2403 2466 2443 ne
2519 2383 2621 2443 ita
2680 2381 2876 2442 hunc
2920 2381 3022 2441 vi-

355 2489 608 2546 2odear
651 2504 986 2558 servare,
1034 2491 1112 2544 ut
1153 2483 1292 2571 tihi
1338 2483 1630 2544 omnino
1674 2503 1816 2545 non
1865 2466 2354 2564 pepercerim.
2445 2503 2577 2544 cum
2616 2482 2793 2560 igitur
2836 2482 3022 2542 iunio-

431 2607 527 2648 res
572 2586 933 2665 t'requentius
978 2604 1157 2666 supra
1201 2586 1352 2646 dicta
1388 2585 1623 2645 nomina
1662 2584 1985 2645 secundum
2031 2585 2088 2644 in
2131 2586 2221 2646 ins
2262 2583 2692 2646 terminantium
2726 2583 3023 2663 pronomi-

429 2708 570 2750 num
627 2690 872 2749 t'ormam
926 2685 1368 2759 declinaverint,
1426 2686 1485 2747 in
1540 2705 1655 2747 uno
1709 2705 1778 2746 ex
1832 2686 1917 2747 eis
1974 2686 2160 2763 magis
2217 2686 2515 2747 nominum
2574 2684 3021 2746 declinationem

430 2800 785 2868 sequuntur,
845 2792 1091 2850 ‘neuter
1150 2789 1342 2850 neutri
1399 2790 1644 2849 neutro'
1701 2786 1996 2862 dicentes,
2055 2807 2190 2848 cum
2246 2787 2402 2868 apud
2459 2797 2683 2848 veteres
2735 2787 2906 2849 etiam
2961 2786 3020 2847 in

430 2894 522 2953 ius
575 2892 898 2953 secundum
959 2889 1241 2970 simplicis
1294 2891 1383 2952 sui
1433 2889 1880 2950 declinationem
1943 2890 2271 2951 inveniatur
2319 2889 2595 2951 desinens
2642 2889 2907 2968 genetivo
2964 2898 3022 2949 et

318 2978 489 3055 '25in
531 2993 548 3054 i
598 2992 805 3053 dativo.
896 2991 1201 3052 Plautus
1247 2991 1307 3052 in
1349 2989 1759 3052 vidularia:

1848 3093 2087 3154 neutri
2136 3092 2487 3165 reddibo,

732 3195 1096 3256 Donicum
1148 3213 1264 3256 res
1301 3198 1342 3269 †
1384 3194 1805 3255 diiudicata
1849 3194 1961 3255 sit.

428 3317 561 3360 cum
605 3296 781 3375 igitur
821 3315 998 3375 supra
1052 3296 1243 3357 dictae
1285 3298 1506 3359 formae
1550 3294 1786 3357 nomina
1817 3296 2044 3358 soleant
2077 3297 2136 3357 in
2182 3316 2280 3356 um
2316 3297 2510 3356 facere
2547 3305 2779 3356 neutra:
2827 3297 3015 3357 ‘unus

428 3417 637 3473 unum,
685 3396 845 3459 solus
891 3398 1112 3470 solum,
1161 3405 1318 3459 totus
1364 3404 1578 3471 totum,
1627 3398 1782 3459 ullus
1828 3396 2040 3471 ullum,
2079 3407 2211 3459 uter
2254 3405 2478 3470 utrum,
2524 3396 2672 3458 alter
2714 3397 3019 3470 alterum',

565 3534 598 3586 3
644 3535 972 3597 terminentur
1004 3535 1085 3585 131·
1239 3534 1358 3584 fecit
1393 3534 1730 3584 BDIIGLKr
1882 3533 2133 3598 plueralia
2169 3536 2223 3584 H
2372 3535 2405 3584 4
2437 3533 2640 3583 feminis
2676 3536 2723 3583 L
2878 3533 2909 3582 5
2947 3532 3017 3582 De

428 3621 536 3657 νιιι.
572 3604 864 3655 nominibus
902 3605 950 3652 in
983 3604 1321 3655 declinatione
1359 3605 1715 3670 pronominum
1746 3605 1902 3654 inser.
1933 3607 1952 3652 l
2088 3611 2326 3653 secuntur
2363 3605 2522 3654 RDII
2547 3612 2789 3666 sequntur
2825 3604 2878 3653 K

428 3677 456 3724 7
494 3691 593 3724 uno
632 3675 1066 3724 denominatiuum
1106 3674 1154 3722 D
1295 3689 1409 3723 esse
1441 3690 1510 3724 ex
1534 3688 1675 3723 corr.
1714 3690 1744 3721 r
1885 3674 1918 3723 8
1953 3674 2118 3726 habeo
2153 3673 2277 3724 RrD
2418 3673 2519 3723 duo
2551 3675 2875 3723 inueniuntur
2909 3682 3020 3723 uter

428 3747 471 3796 G
609 3751 657 3794 et
692 3746 756 3794 ab
792 3744 866 3792 eis
904 3745 947 3793 G
1093 3745 1127 3796 9
1165 3743 1219 3791 In
1263 3742 1429 3807 *is(h)
1468 3743 1515 3792 D
1671 3743 1750 3792 uel
1788 3743 1836 3792 in
1877 3745 1893 3793 ἱ
1930 3745 2025 3793 DG
2180 3744 2236 3794 ll
2280 3743 2657 3793 uetustissimos
2696 3759 2766 3794 ea:
2804 3746 3016 3791 uetusti-

428 3829 535 3864 mos
569 3829 708 3865 corr.
743 3804 804 3864 Η
954 3814 1015 3864 12
1053 3812 1225 3863 daune
1263 3816 1310 3864 l,
1467 3812 1584 3863 Ter.
1632 3813 1803 3866 Andr.
1848 3816 1915 3863 111
1953 3815 2002 3873 5,
2043 3816 2073 3862 2
2125 3831 2168 3863 υ.
2210 3812 2297 3865 lib.
2337 3815 2405 3862 vt
2446 3815 2477 3874 §
2513 3813 2581 3864 36
2734 3815 2786 3863 in
2825 3813 3018 3863 Andria

423 3901 516 3936 om.
557 3884 601 3933 G
755 3883 817 3933 13
855 3881 1056 3933 consilii
1092 3883 1210 3934 libri
1362 3882 1425 3932 14
1461 3884 1579 3933 Ter.
1615 3883 1866 3933 keautmu.
1907 3884 1945 3931 11
1986 3884 2046 3940 3,
2088 3883 2155 3934 30
2189 3899 2266 3947 sq.
2308 3883 2495 3932 alterae
2526 3881 2534 3944 Ι
2565 3883 2695 3932 Dum
2735 3891 2928 3940 nari-au
2969 3890 3018 3931 et

421 3957 495 4002 sic
528 3954 677 4003 etiam
708 3954 878 4004 Prisc.
914 3951 999 4001 lib.
1031 3951 1099 4000 Vl
1132 3955 1165 4016 S
1192 3955 1224 4005 5
1376 3953 1425 4001 iu
1459 3951 2016 4003 heautontimorumeno
2042 3969 2133 4001 om.
2178 3954 2219 4001 G
2371 3952 2930 4017 heautontimorumeno
2969 3952 3016 3999 D

421 4025 940 4073 eautontimorumeno
987 4022 1038 4072 B
1087 4024 1603 4072 eautontimoromeno
1654 4023 1711 4073 K
1893 4022 1958 4072 16
2003 4024 2113 4072 Ter.
2156 4038 2267 4072 eun.
2307 4025 2350 4071 V
2389 4023 2447 4083 u,
2480 4023 2512 4073 3
2700 4020 2921 4071 iunucho
2964 4021 3019 4070 K

561 4092 624 4143 17
661 4090 769 4157 sele
806 4092 855 4142 B
995 4090 1119 4140 Mihi
1150 4091 1291 4143 solae
1325 4093 1459 4157 (sole
1492 4091 1654 4157 Bas.)
1698 4093 1958 4143 Terentius
1984 4101 2036 4142 ee
2063 4094 2137 4142 εἰσ
2172 4092 2256 4143 lib.
2297 4093 2362 4140 VI
2399 4095 2430 4152 ,ς
2466 4092 2498 4140 5
2640 4088 2789 4155 mihi]
2823 4107 2852 4138 r
2880 4090 3013 4139 mehi

423 4214 467 4264 lt
609 4210 835 4261 rediculo
876 4214 919 4262 G
958 4171 1213 4279 redicam}
1250 4213 1307 4264 Κ
1455 4213 1520 4264 18
1556 4211 1885 4278 cuicuimodi]
1917 4230 1947 4262 r
1973 4213 2294 4262 cuicuimodo
2335 4213 2378 4262 13
2420 4211 2641 4260 cuimodi
2683 4211 2776 4260 GL
2927 4227 3013 4260 cu-

420 4282 642 4333 iusmodi
679 4282 829 4332 GLK
979 4282 1082 4332 Cic.
1112 4298 1209 4345 pro
1240 4283 1422 4333 Roscio
1453 4283 1687 4333 Amerino
1723 4298 1800 4336 or.
1833 4282 1918 4340 34,
1956 4284 2024 4335 95
2181 4280 2596 4344 lssquiquimodi
2634 4279 2731 4344 (al.
2771 4280 3008 4343 quicquid

421 4354 561 4403 modi
597 4352 675 4402 vel
707 4367 817 4401 curn
854 4351 1128 4415 eiusmodi)
1158 4353 1277 4404 libri
1309 4353 1410 4402 Cic.
1565 4369 1620 4403 es
1659 4353 1718 4400 T.
1758 4349 1933 4417 Rosci]
1971 4352 2225 4402 Ciceronis
2265 4350 2429 4401 Oxou.
2469 4350 2566 4399 duo
2613 4358 2688 4398 est
2726 4350 2858 4400 rosei
2897 4350 3016 4400 libri

420 4424 587 4474 Prisc.
629 4436 735 4470 cum
770 4428 921 4482 parte
956 4422 1107 4474 codd.
1146 4423 1245 4473 Cic.
1285 4437 1341 4471 es
1378 4421 1530 4471 Rosci
1571 4425 1647 4471 vel
1684 4430 1759 4471 est
1797 4423 1965 4471 Roscii
2003 4422 2082 4472 vel
2114 4430 2190 4470 est
2227 4421 2441 4473 Roscius
2478 4421 2570 4470 alii
2592 4419 2736 4469 codd.
2769 4420 2870 4469 Cic.

421 4493 489 4542 ita
535 4507 627 4544 om.
685 4491 788 4540 Cic.
834 4490 1040 4539 Monac.
1183 4494 1362 4542 uidear
1399 4492 1623 4541 uoluisse
1659 4507 1865 4541 seruare
1903 4493 2077 4542 Cicero
2215 4490 2276 4541 21
2315 4487 2923 4539 nominassecuncundum
2963 4488 3009 4536 R

557 4562 623 4610 22
661 4559 1043 4609 declinauerunt
1078 4559 1390 4612 BDHGLK
1525 4558 1938 4625 declinationem]
1981 4577 2010 4609 r
2057 4559 2450 4610 declinationum
2486 4562 2532 4610 R
2673 4558 2740 4609 23
2774 4566 3010 4607 secuntur

417 4631 515 4681 RB
655 4631 808 4678 etiam
844 4630 895 4678 in
935 4630 1014 4678 ius
1047 4645 1136 4682 om.
1176 4632 1227 4680 B
1364 4632 1433 4681 24
1468 4630 1695 4681 dicineus
1734 4632 1783 4678 iu
1824 4633 1901 4679 ins
1935 4631 2160 4696 genitiuo
2209 4632 2301 4680 GL
2440 4632 2507 4681 ‘25
2547 4629 2713 4677 I'laut.
2751 4629 2900 4679 vidul.
2933 4629 3009 4688 [ν.

419 4701 451 4749 5
484 4715 539 4762 p.
575 4700 678 4750 442
717 4698 866 4749 Both.
902 4699 973 4761 cf·
1011 4698 1096 4748 Hb.
1133 4701 1205 4750 VI
1240 4702 1271 4762 S
1306 4700 1374 4750 32
1545 4700 1612 4752 26
1649 4700 1863 4764 reddibo
1906 4701 1991 4751 Hk
2168 4700 2332 4748 reddi.
2372 4699 2557 4749 bodoni
2594 4714 2708 4747 cum
2741 4699 2794 4746 K
2939 4697 3005 4744 27

420 4769 710 4819 deiudicata
746 4768 896 4817 GLK
927 4768 994 4829 cf.
1027 4775 1072 4817 v.
1114 4770 1149 4819 Ι.
1185 4768 1270 4821 lib.
1309 4770 1378 4818 Vl
1402 4770 1436 4822 1.
1466 4771 1500 4822 l.
1645 4772 1740 4820 erit
1770 4771 1922 4820 codd.
1958 4771 2042 4820 lib.
2083 4770 2151 4817 VI
2181 4771 2217 4822 1.
2260 4771 2294 4819 Ι.
2437 4771 2505 4819 28
2540 4766 2789 4818 souleant
2825 4767 2869 4815 lt'

419 4837 486 4888 29
522 4835 669 4904 alter]
705 4854 734 4885 r
769 4837 896 4886 alies
930 4839 976 4886 R

3057 3318 3116 3366 12
