3576 5595
1432 445 1656 508 Lmen
1703 445 1855 507 Xlll
1904 459 1927 511 1
2864 449 2980 514 107

532 628 636 697 [Vt
671 632 794 681 ‘vel‘
831 645 926 697 pro
961 631 1160 683 ‘velut’.
1233 631 1540 683 Horatius
1576 636 1628 683 in
1667 635 1717 682 ll
1753 650 2155 687 sermonum:

720 719 798 767 Vt
834 719 933 768 vel
972 721 1291 770 continuo
1329 722 1551 786 patuit
1583 737 1722 771 eum
1760 724 2074 787 passeris
2110 730 2306 785 atque

721 806 1066 872 lngustata
1103 807 1261 856 mihi
1301 811 1681 874 porrexerit
1716 809 1842 859 ilia
1877 808 2145 864 rhombi.

530 891 875 957 proprietates
911 892 1220 942 Latinorum.

339 984 365 1021 ⁵
531 980 694 1029 ‘Ante
737 986 788 1028 te
831 980 1119 1045 cognitum’
1171 996 1264 1045 pro
1316 980 1615 1045 ‘antequam
1660 989 1714 1030 tn
1758 984 2142 1048 cognoscaris&
2217 982 2584 1031 Sallustius
2638 983 2684 1031 in
2746 985 2978 1051 lugur-

392 1066 607 1115 thino:
654 1074 714 1115 et
752 1066 1146 1131 mehercule,
1181 1064 1398 1128 Sulla,
1435 1076 1580 1117 ante
1631 1077 1691 1118 te
1740 1070 2071 1135 cognitum
2123 1069 2344 1119 multis
2398 1070 2776 1131 orantibus,
2815 1071 2978 1121 aliis

397 1152 574 1202 ultro
613 1162 864 1219 egomet
899 1165 1086 1219 opem
1124 1153 1265 1204 tuli.

529 1240 635 1289 ‘Ab
671 1240 796 1289 urbe
831 1240 1062 1290 eondita’
1101 1255 1193 1307 pre
1232 1243 1291 1291 ‘a
1322 1251 1570 1306 tempore,
1606 1241 1654 1289 in
1693 1256 1795 1305 quo
1832 1242 1953 1291 urbs
1986 1250 2062 1291 est
2095 1242 2343 1292 eondita‘.

528 1324 698 1393 ‘Opus
749 1335 826 1398 ‘3³²
883 1327 1143 1378 comito‘
1205 1345 1298 1394 pro
1355 1327 1732 1378 ‘consulendi‘.
1820 1327 2189 1379 Sallustius
2249 1330 2297 1377 in
2349 1329 2778 1380 Catilinario:
2840 1348 2975 1382 nam

319 1419 365 1457 ¹⁰
391 1423 455 1464 et
498 1414 682 1480 prins
723 1428 905 1477 quam
959 1416 1281 1480 incipias,
1328 1414 1675 1474 consulto,
1724 1424 1786 1464 et
1836 1416 1943 1464 ubi
1993 1416 2456 1479 consulueris,
2507 1426 2758 1466 mature
2798 1418 2976 1467 sacto

390 1516 554 1567 opus
589 1510 710 1553 est.
1129 1484 1134 1493 “

529 1585 777 1651 ‘Occepi‘
815 1601 907 1653 pro
941 1587 1250 1654 ‘occipiam'
1284 1596 1334 1637 et
1377 1588 1547 1637 ‘dixi'
1591 1582 1683 1654 pro
1720 1588 1968 1640 ‘dienm’.
2039 1588 2385 1638 Terentius
2425 1589 2476 1637 in
2515 1590 2781 1641 Andria:

1053 1674 1165 1723 sed
1204 1675 1459 1738 siquid
1497 1676 1620 1725 tibi
1658 1690 1931 1725 narrare
1968 1674 2204 1740 occepi

394 1777 487 1827 pro
519 1761 827 1827 ‘occipiam‘.
903 1761 953 1809 in
991 1760 1200 1811 eadem:

321 1851 369 1890 15
727 1848 875 1897 Nam
913 1862 1079 1910 quae
1113 1849 1255 1898 dixi
1294 1863 1446 1898 vera
1481 1864 1555 1898 an
1597 1848 1767 1898 l'alsa
1803 1848 2133 1908 audieris,
2169 1849 2291 1898 iam
2329 1850 2495 1898 seiri
2531 1859 2766 1915 potest.

533 1933 825 1984 ‘intercedo
863 1934 1006 1986 tibi’.
1080 1935 1430 1986 Terentius
1466 1937 1514 1985 in
1560 1935 1825 1984 Andria:

972 2022 1029 2070 si
1069 2019 1254 2071 nutta
1288 2023 1640 2086 aegritudo
1680 2022 1834 2072 hnic
1869 2021 2115 2087 gaudio
2155 2023 2633 2073 intercesserit.

536 2108 833 2173 ‘Exprobro
894 2107 1092 2161 casus’.
1178 2108 1407 2158 Cicero
1458 2109 1505 2157 in
1561 2108 1673 2158 Vll
1728 2108 2177 2171 Verrinarnm:
2248 2124 2386 2158 num
2448 2125 2637 2160 casus
2693 2111 2976 2161 bellicos

397 2195 804 2259 exprobrare
840 2202 950 2243 aut
989 2195 1245 2244 obicere
1284 2195 1543 2243 videor?

322 2284 372 2323 ²0
538 2281 755 2331 ‘Amare
791 2282 921 2331 inter
957 2281 1065 2345 se',
1103 2279 1295 2343 φιλεῖν
1330 2270 1616 2346 ἀλλήλους.
1694 2281 2051 2331 Terentius
2088 2282 2139 2330 in
2176 2281 2517 2348 adelphis:

1138 2368 1383 2432 †video
1420 2382 1632 2417 amare
1669 2370 1844 2417 inter
1879 2364 1998 2432 se.]
2602 2358 2605 2361 ¹

497 2529 539 2568 p.
569 2517 667 2557 1035
696 2517 741 2557 Ρ.
861 2534 869 2541 ·
2695 2532 2736 2571 p.
2767 2519 2791 2559 3
2823 2517 2871 2559 κ.

1287 2572 1385 2633 DE
1431 2572 2079 2635 CONSTRVCTIONE.

439 2686 470 2721 ⁸
559 2687 848 2758 Quoniam
901 2689 958 2751 in
1011 2697 1146 2751 ante
1204 2690 1487 2771 expositis
1547 2691 1711 2753 libris
1766 2692 1840 2751 de
1898 2691 2160 2771 partibus
2217 2692 2497 2753 orationis
2560 2692 2617 2753 in
2677 2691 2975 2772 plerisque
3014 2710 3039 2762 1
3083 2711 3105 2761 1

390 2790 772 2871 Apollonii
818 2792 1223 2856 auctoritatem
1269 2814 1474 2856 sumus
1525 2794 1740 2866 secuti,
1782 2793 2025 2854 aliorum
2060 2813 2293 2873 quoque
2323 2793 2442 2855 sive
2476 2804 2811 2857 nostrorum
2857 2795 2977 2855 sive

392 2896 748 2956 Graecorum
794 2912 911 2954 non
955 2893 1406 2958 intermittentes
1453 2897 1893 2994 necessarimm
1930 2896 1979 2955 si
2012 2896 2151 2974 qnid
2184 2896 2295 2975 ipsi
2331 2915 2567 2975 qnoque
2603 2897 2734 2957 novi
2769 2905 2973 2977 potue·

534 3081 558 3130 1
593 3090 675 3133 tut
708 3083 757 3131 D
895 3033 1048 3135 uelud
1084 3085 1164 3134 Ru·
1307 3083 1436 3132 Hor.
1475 3097 1623 3131 serm.
1660 3081 1702 3128 lt
1738 3077 1793 3141 8,
1828 3079 1897 3130 29
1916 3095 1995 3144 sq.
2141 3082 2173 3129 2
2211 3082 2616 3170 9⁸⁵20.1s(⁸⁸⁶‘³⁸
2637 3085 2728 3134 sub
2748 3087 2834 3135 lin.
2856 3085 2976 3136 add.

392 3187 446 3242 r)
473 3186 550 3236 Ην
577 3201 692 3251 pars
717 3186 820 3235 eris
842 3184 870 3233 Ι
1007 3185 1040 3236 3
1080 3170 1329 3250 ingustnt⁸
1350 3187 1398 3234 D
1433 3184 1658 3246 ingustat
1678 3185 1733 3232 R·
1861 3183 2115 3246 ingustnto
2146 3165 2355 3232 michi!
2478 3197 2767 3249 porrexerat
2800 3190 2847 3237 D
2873 3205 2979 3238 cum

385 3265 539 3318 pane
560 3256 675 3306 edd,
701 3256 835 3306 Hm..
861 3256 1090 3320 porrexit
1109 3254 1142 3302 I
1281 3253 1450 3302 bombi
1481 3251 1513 3300 I
1649 3255 1679 3303 4
1707 3253 1992 3317 proprietas
2015 3250 2306 3301 latinorum.
2336 3255 2601 3304 Numante
2620 3259 2914 3323 congnitnm
2954 3256 2982 3305 Ι

527 3327 559 3376 5
596 3326 839 3375 salustius
873 3324 902 3372 I
1040 3323 1166 3373 Sall.
1207 3322 1315 3388 luy.
1355 3321 1473 3384 110,
1511 3325 1543 3372 2
1688 3322 1949 3386 ingurtino
1983 3320 2065 3372 lt!
2098 3321 2342 3387 gurthino
2380 3326 2428 3373 D
2568 3325 2602 3375 6
2638 3341 2718 3375 me
2749 3326 3003 3376 ltercnles'
3076 3384 3079 3387 ‚

390 3428 479 3479 illa
510 3428 544 3478 Ι
677 3430 808 3494 sylla
841 3429 937 3479 RD
1079 3434 1128 3476 te
1167 3441 1260 3476 om.
1300 3425 1334 3475 I
1466 3425 1604 3493 alliis
1635 3427 1682 3477 R
1822 3426 1854 3475 7
1892 3435 2121 3491 ergomet
2153 3427 2199 3476 lt
2308 3427 2373 3482 ,8
2405 3390 2522 3475 urbe
2558 3429 2605 3475 D
2756 3443 2787 3476 a
2827 3443 2918 3477 om.
2950 3427 2988 3477 I

733 3503 796 3535 eSl

522 3532 558 3582 9
589 3531 729 3597 Opus
800 3530 1034 3581 consulto
1075 3529 1122 3577 D
1261 3531 1506 3580 salustius
1542 3531 1577 3579 Ι
1711 3529 1839 3580 San.
1875 3530 1986 3580 Cat.
2032 3532 2080 3591 1,
2112 3530 2147 3580 ὃ
2292 3531 2355 3581 10
2392 3529 2671 3579 consuleris
2706 3531 2741 3579 I
2875 3547 2979 3583 ma-

390 3612 500 3650 turo
538 3601 574 3651 I
747 3601 811 3651 12
848 3600 1139 3650 Terrentins
1170 3598 1202 3647 I
1381 3599 1496 3652 Ter.
1533 3600 1698 3650 Andr.
1741 3602 1808 3650 lll
1841 3603 1893 3662 2,
1930 3603 1997 3650 24
2178 3600 2241 3651 13
2273 3601 2362 3651 tibi
2399 3616 2489 3651 om.
2524 3602 2571 3649 D
2604 3602 2673 3663 el'.
2712 3601 2797 3652 ub.
2836 3601 2979 3650 xvtt

388 3675 420 3734 S
464 3673 556 3722 164
698 3670 1136 3736 tibi—occipiunt
1176 3684 1267 3719 om.
1307 3667 1343 3717 I
1479 3671 1540 3722 14
1587 3669 1700 3720 Ter.
1742 3670 1909 3721 Andr.
1944 3671 1989 3718 V
2027 3672 2080 3733 4,
2114 3669 2177 3720 19
2337 3666 2536 3735 eadem]
2574 3687 2605 3718 r
2634 3671 2812 3720 eodem
2852 3671 2983 3721 RDI

530 3742 593 3791 15
627 3739 753 3790 Nam
789 3738 953 3804 quae]
993 3756 1023 3787 r
1060 3754 1274 3802 namque
1310 3739 1445 3789 RDI
1479 3739 1601 3789 Nam
1641 3756 1738 3808 ego
1771 3756 1904 3802 quae
1947 3741 2210 3791 Terentius
2348 3742 2463 3791 dico
2510 3741 2627 3792 Ter.
2663 3740 2838 3792 Ber-nb.

1311 3817 1415 3846 uera
1442 3818 1496 3847 an
1528 3806 1640 3846 falsa

391 3862 640 3911 audierim
670 3861 799 3919 ,Ten
833 3860 1003 3914 Bemb.
1093 3926 1101 3934 μ
1174 3860 1598 3935 dixi-prodierim.
1636 3862 1734 3911 iam
1771 3863 1852 3912 Rr
2013 3858 2113 3927 an]
2151 3877 2261 3911 cnm
2302 3861 2338 3911 I
2507 3864 2638 3913 scire
2688 3862 2722 3912 Ι
2887 3877 2980 3927 po-
3026 3873 3035 3881 ·

390 3951 487 4050 tegi
502 3943 922 4056 εωῑιὲἱεεθῐῗῑῗιιὲωἱὶᾱ
1064 3999 1128 4050 16
1159 3998 1452 4049 Terrentius
1486 3998 1524 4048 I
1688 4000 1805 4050 Ter.
1843 3999 2011 4050 Andr.
2048 4002 2095 4049 V
2133 4001 2184 4058 5,
2222 4002 2255 4053 5
2434 3999 2651 4066 Andria]
2688 4017 2719 4050 r
2748 4001 2979 4051 eunucho

392 4103 518 4153 RD!
677 4103 740 4153 17
778 4102 856 4151 sin
897 4102 1000 4152 utta
1039 4104 1086 4152 D
1234 4101 1466 4166 egritudo
1504 4102 1639 4152 Ro!
1783 4103 1935 4170 huie]
1974 4119 2005 4152 r
2053 4104 2169 4152 mne
2203 4104 2248 4154 R
2410 4105 2473 4154 18
2509 4089 2736 4169 exprobro
2766 4106 2844 4155 η’·

391 4173 492 4226 Cic.
533 4178 584 4224 itt
630 4175 786 4224 Ver-r.
825 4188 904 4226 or.
952 4175 988 4223 ll
1028 4173 1088 4232 5,
1127 4173 1224 4237 50,
1262 4173 1361 4224 132
1511 4170 1635 4237 vlt]
1679 4173 1729 4220 in
1767 4171 1804 4221 I
1948 4175 2236 4224 uerinarum
2273 4175 2322 4223 D
2470 4173 2601 4223 Num
2642 4175 2818 4226 Cicero
2853 4174 2977 4224 Nam

396 4312 493 4362 m)
538 4328 630 4362 om.
663 4311 696 4359 I
856 4269 1071 4360 belliltos
1109 4312 1158 4360 D
1327 4311 1390 4362 19
1426 4312 1645 4363 obicere.
1683 4310 1846 4359 Video
1875 4325 2045 4359 amare
2075 4313 2204 4359 inter
2237 4251 2680 4365 seetnsseroenstus
2715 4305 2753 4361 I
2910 4313 2980 4364 20

392 4365 780 4431 ΑΛΛὲΛογοοΙίτ·
945 4365 1187 4431 ιε’ῑεηῑίιιε
1226 4381 1432 4431 inuideo
1469 4396 1640 4430 amare
1676 4380 1760 4429 D'
1872 4378 1990 4429 Ter.
2026 4381 2222 4442 adelph.
2267 4381 2309 4429 V
2342 4381 2394 4442 3,
2432 4382 2496 4432 41
2523 4398 2603 4446 sq.
2656 4382 2850 4432 uideo
2889 4398 2978 4432 eos

389 4453 587 4517 stipere,
624 4450 938 4518 intellegere,
975 4452 1025 4500 in
1064 4450 1174 4501 loco
1206 4446 1215 4517 Ι
1248 4451 1456 4512 Vereri,
1495 4453 1669 4501 inter
1704 4465 1776 4499 se
1816 4464 2030 4499 amare
2077 4451 2145 4512 el'.
2182 4450 2264 4500 It'b.
2298 4449 2459 4499 lell
2494 4452 2527 4514 S
2554 4452 2639 4503 40.
2664 4453 2784 4502 243.
2827 4453 2977 4504 uideo

389 4535 566 4586 sapere
603 4523 652 4570 in
693 4521 834 4576 loeo.
869 4536 1037 4571 amare
1074 4521 1202 4570 inter
1234 4535 1290 4569 se
1320 4520 1406 4569 lib.
1444 4518 1610 4570 xvut
1645 4521 1677 4582 S
1709 4511 1839 4578 303;
1876 4528 1935 4568 ue
1967 4519 2046 4569 Itt'e
2080 4520 2160 4570 lib.
2202 4520 2345 4570 xvtt
2376 4522 2409 4583 S
2443 4519 2562 4583 139,
2600 4519 2769 4571 xvttt
2805 4524 2838 4586 S
2879 4523 2978 4574 178
3086 4573 3092 4579 ,

526 4591 579 4640 iu
616 4590 851 4657 adelphis
888 4607 977 4642 om.
1013 4589 1059 4640 R
1200 4590 1435 4656 adelphis
1467 4606 1497 4638 r
1636 4591 1688 4638 in
1723 4590 1889 4654 primo
1929 4588 1965 4638 I
2098 4601 2330 4640 Exemctr
2362 4605 2657 4643 enarratio.
2698 4590 2732 4640 1

525 4778 560 4830 3
605 4778 891 4846 appollonii
926 4781 1023 4831 GL
1188 4782 1222 4830 4
1266 4780 1634 4831 intermitentes
1671 4782 1720 4832 D
1768 4779 2224 4845 praetermittentes
2255 4795 2321 4829 νη
2494 4780 2539 4830 si
2581 4780 2739 4849 quid]
2773 4798 2805 4832 r
2845 4784 2977 4833 sicut

389 4849 435 4897 R
574 4851 835 4914 potuimus
872 4849 967 4900 Do
1018 4850 1295 4914 poterimus
1337 4850 1413 4911 R,
1462 4867 1606 4916 quam
1648 4851 1861 4904 sormam
1901 4849 1987 4901 tib.
2029 4850 2146 4899 Vlll
2181 4851 2214 4913 S
2251 4850 2319 4900 42
2360 4859 2629 4914 perperam
2657 4854 2857 4917 recepi,
2905 4852 2975 4913 cs.

391 4916 652 4968 Chr-istim
688 4926 821 4971 nune.
860 4920 912 4969 d.
955 4920 1163 4970 Monac.
1201 4919 1331 4971 1857
1375 4922 1394 4969 1
1432 4922 1517 4983 21,
1559 4920 1659 4971 170
