3576 5595
528 423 653 486 448
1637 420 2007 484 PntsctANl

659 567 673 580 .
699 536 923 580 mazar.
2726 535 2847 576 aas.
2875 535 2928 576 σο
2959 535 3012 576 κ.

529 551 683 672 mitis
719 628 754 668 o
798 608 876 669 tili
918 616 977 667 et
1017 625 1052 666 ο
1099 605 1214 667 filie
1256 606 1473 690 duplici
1518 606 1807 686 prolatum
1855 607 2132 668 vocativo.
2196 589 2422 669 veteres
2454 616 2648 668 tamen
2685 549 2996 685 gliquando
3028 604 3115 666 vel

527 710 698 772 metri
724 708 811 769 vel
838 707 1164 787 euphoniae
1193 725 1369 768 causa
1404 708 1775 769 nominativis
1810 715 2053 770 utuntur
2079 728 2186 789 pro
2217 709 2510 770 vocativis.
2555 709 2614 770 in
2651 729 2757 770 eus
2786 708 3116 770 desinentia

532 813 752 873 Graeca
792 817 933 872 sunt
962 817 1185 870 tantum
1228 816 1286 869 et
1328 809 1648 870 vocativum
1695 819 1931 871 servant
1977 811 2297 884 Graecum,
2343 810 2639 888 quomodo
2671 807 2698 892 ΙΙ
2728 818 2785 870 et
2827 809 3116 871 accusati·

424 909 452 942 ·“
530 932 696 988 vum3
733 921 792 972 et
832 912 947 973 hoc
992 910 1464 987 frequentissime
1522 911 1579 971 in
1623 910 1898 973 omnibus
1944 914 2193 972 Graecis
2235 912 2600 985 nominibus,
2639 912 2933 989 quomodo
2973 911 3118 971 dixi-

428 1031 497 1079 26
529 1035 664 1078 mus
714 1016 1020 1090 supen'us,
1061 1015 1319 1072 invem'es
1376 1011 1435 1072 in
1482 1012 1680 1073 multis
1741 1013 1866 1073 lieri
1924 1011 2179 1073 casibus.
2268 1013 2660 1075 nominativus
2705 1022 2762 1073 et
2818 1013 3113 1074 vocativus
3156 1030 3181 1068 5

530 1116 785 1199 plurales
835 1114 1130 1176 secundae
1177 1113 1583 1174 declinationis
1640 1133 1748 1194 per
1790 1114 1807 1174 i
1848 1114 2159 1188 liniuntur,
2215 1122 2280 1175 ut
2322 1113 2380 1174 hi
2425 1123 2486 1174 et
2527 1134 2564 1175 o
2604 1115 2820 1193 magni.
2910 1123 3113 1174 neutra

529 1226 724 1280 autem
779 1225 895 1278 tam
952 1215 1079 1276 eius
1136 1231 1309 1293 quam
1354 1214 1598 1276 aliarum
1648 1214 2137 1289 declinationum,
2186 1215 2245 1275 in
2292 1216 2505 1293 quibus
2560 1215 2964 1289 inveniuntur,
3009 1234 3116 1275 no-

529 1320 867 1382 minativum
911 1325 968 1378 et
1013 1316 1405 1378 accusativum
1452 1324 1512 1376 et
1555 1317 1876 1377 vocativum
1924 1316 2205 1395 pluralem
2248 1317 2307 1377 in
2352 1336 2383 1377 a
2430 1317 2777 1391 terminant,
2823 1316 3115 1395 quomodo

530 1431 590 1483 et
633 1421 787 1502 apud
822 1420 1095 1480 Graecos.
1185 1418 1487 1496 genetivus
1533 1417 1780 1478 ablativo
1828 1418 2104 1496 singulari
2151 1418 2344 1479 addita
2388 1437 2517 1480 rum
2562 1420 2890 1497 profertur,
2940 1428 3003 1479 ut
3040 1416 3113 1479 ab

529 1525 644 1585 boc
699 1540 912 1600 magno
955 1523 1164 1582 borum
1219 1537 1590 1597 magnorum,
1639 1519 1865 1580 dativus
1908 1526 1967 1579 et
2012 1518 2295 1581 ablativus
2342 1520 2401 1580 in
2450 1520 2533 1592 is,
2573 1527 2639 1580 ut
2674 1520 2767 1580 his
2804 1530 2862 1579 et
2903 1519 2976 1579 ab
3023 1520 3184 1580 histo

529 1623 787 1702 magnis,
834 1622 1201 1684 accusativus
1240 1621 1299 1681 in
1338 1640 1438 1694 os,
1482 1629 1547 1681 ut
1577 1621 1688 1681 hos
1731 1638 1997 1698 magnos.

430 1735 496 1785 27
700 1723 930 1785 Tertiae
974 1722 1382 1784 declinationis
1424 1722 1729 1800 genetivus
1773 1722 1834 1782 in
1879 1723 1929 1783 is
1973 1730 2302 1803 correptam
2353 1723 2499 1796 exit,
2551 1732 2614 1783 ut
2653 1721 2750 1783 bic
2794 1740 2896 1782 rex
2940 1721 3114 1783 buius

529 1827 717 1905 regis,
765 1824 991 1886 dativus
1038 1824 1098 1884 in
1146 1825 1192 1896 i,
1239 1834 1303 1885 ut
1345 1823 1483 1885 huic
1526 1823 1679 1900 regi,
1729 1825 2097 1885 accusativus
2138 1825 2197 1885 in
2243 1824 2539 1906 plerisque
2576 1825 2633 1885 in
2676 1843 2801 1896 em,
2849 1831 2911 1884 ut
2954 1823 3114 1883 hunc

530 1946 755 2008 regem,
796 1927 856 1986 in
900 1926 1103 2006 paucis
1144 1944 1281 1987 vero
1325 1926 1382 1986 in
1415 1926 1523 1998 im,
1568 1933 1630 1985 ut
1670 1925 1828 1986 bunc
1859 1925 2144 1998 Tiberim,
2187 1927 2341 1987 banc
2380 1926 2580 1986 restim
2624 1925 2865 2006 puppim
2906 1925 3111 1986 turrim

528 2032 717 2103 sitim,
757 2029 831 2089 de
875 2027 1089 2105 quibus
1124 2027 1182 2088 in
1228 2027 1478 2106 septimo
1520 2027 1668 2089 libro
1713 2027 1787 2088 de
1831 2026 2067 2088 nomine
2109 2026 2284 2089 latius
2328 2027 2726 2106 exposuimus.
2816 2026 3113 2088 vocativus
3135 2047 3183 2087 ιε

526 2132 734 2193 similis
785 2137 878 2192 est
930 2129 1318 2201 nominativo,
1376 2137 1441 2189 ut
1481 2127 1577 2191 hic
1621 2147 1721 2189 rex
1766 2135 1826 2188 et
1867 2148 1902 2188 o
1946 2147 2066 2189 rex.
2156 2129 2215 2189 in
2255 2128 2493 2190 Graecis
2538 2137 2731 2189 autem
2777 2128 3112 2189 nominibus

523 2234 663 2295 licet
709 2241 768 2293 et
820 2230 1080 2292 vocativo
1138 2247 1271 2290 esse
1318 2229 1572 2302 Graeco,
1630 2227 1782 2290 sicut
1839 2248 2017 2308 supra
2062 2230 2283 2291 dictum
2329 2239 2458 2303 est,
2504 2239 2569 2291 ut
2609 2246 2645 2289 o
2686 2229 2880 2291 Tiberi
2926 2239 3109 2309 pater.

525 2333 810 2397 ablativus
846 2333 906 2393 in
953 2329 1300 2409 quibusdam
1346 2349 1454 2410 per
1492 2350 1525 2391 e
1573 2337 1936 2410 correptam,
1985 2340 2047 2392 ut
2081 2331 2155 2392 ab
2200 2332 2469 2404 bomine,
2517 2332 2573 2391 in
2617 2331 2965 2410 quibusdam
3007 2351 3113 2412 per

423 2455 493 2506 28
531 2436 579 2511 i,
626 2444 691 2497 ut
732 2453 764 2496 a
806 2432 1033 2504 Tiberi,
1081 2432 1139 2491 in
1184 2431 1533 2510 quibusdam
1576 2451 1683 2510 per
1725 2451 1757 2492 e
1803 2441 1862 2492 et
1907 2451 2012 2512 per
2058 2433 2106 2506 i,
2148 2441 2210 2494 ut
2248 2454 2281 2495 a
2331 2432 2500 2494 selice
2545 2433 2632 2494 vel
2671 2452 2703 2493 a
2737 2432 2911 2493 felici.
3004 2452 3111 2493 no-

525 2536 836 2599 minativus
872 2542 930 2594 et
961 2533 1327 2594 accusativus
1367 2541 1426 2593 et
1464 2533 1757 2594 vocativus
1791 2533 2032 2614 pluralis
2074 2535 2279 2596 tertiae
2321 2533 2727 2596 declinationis
2759 2534 2819 2594 in
2861 2554 2927 2595 es
2971 2554 3178 2614 pro-20

524 2640 758 2700 ductam
804 2634 1111 2708 desinunt,
1153 2647 1218 2695 ut
1263 2634 1320 2694 hi
1367 2643 1423 2695 et
1467 2635 1576 2696 hos
1622 2642 1682 2695 et
1724 2653 1760 2695 o
1805 2653 1994 2713 reges.
2085 2636 2144 2696 in
2187 2637 2539 2716 quibusdam
2583 2644 2777 2718 autem
2821 2637 3112 2698 accusati·

501 2760 631 2805 ‚vus
677 2739 847 2800 etiam
893 2737 952 2799 in
991 2737 1042 2799 is
1080 2736 1305 2810 linitur,
1354 2744 1418 2796 ut
1447 2736 1559 2797 hos
1600 2744 1657 2796 et
1698 2736 1807 2797 has
1852 2756 2057 2800 omnes
2104 2746 2162 2799 et
2206 2738 2416 2800 omnis.
2507 2737 2809 2817 genetivus
2853 2737 3111 2818 plerum-

524 2860 639 2921 que
686 2843 746 2902 in
808 2859 905 2901 um
967 2858 1088 2900 non
1143 2839 1526 2900 antecedente
1579 2839 1629 2914 i,
1693 2845 1755 2899 ut
1812 2858 1845 2899 a
1906 2858 2044 2919 rege
2102 2858 2337 2919 regum,
2394 2840 2452 2901 in
2511 2839 2859 2917 quibusdam
2914 2851 3108 2902 autem

523 2942 909 3006 antecedente
957 2941 1006 3015 i,
1053 2948 1118 3002 ut
1161 2941 1370 3001 borum
1415 2940 1732 3012 montium,
1782 2941 1857 3001 de
1900 2942 2113 3019 quibus
2156 2943 2212 3002 in
2266 2941 2516 3021 septimo
2561 2941 2711 3002 libro
2756 2941 2829 3002 de
2874 2942 3109 3004 nomine

525 3044 864 3118 docuimus3
913 3042 1141 3105 dativus
1179 3050 1236 3103 et
1280 3041 1563 3103 ablativus
1608 3042 1668 3102 in
1713 3042 1857 3115 bus,
1894 3051 1960 3103 ut
2005 3043 2096 3104 bis
2141 3050 2200 3103 et
2237 3043 2309 3104 ab
2364 3043 2457 3104 his
2502 3042 2758 3121 regibus.
3125 3067 3177 3107 τε»

423 3165 492 3218 29
700 3146 954 3217 Quartae
1010 3143 1417 3205 declinationis
1467 3145 1769 3222 genetivus
1826 3144 1886 3204 in
1945 3164 2014 3205 us
2067 3145 2411 3225 productam
2473 3144 2711 3218 desinit,
2771 3153 2837 3206 ut
2876 3145 2971 3205 bic
3016 3164 3111 3205 se-

524 3259 699 3311 natus
742 3247 918 3308 huius
955 3254 1225 3320 senatuS,
1268 3244 1497 3306 dativus
1534 3246 1591 3306 in
1639 3246 1727 3319 ui,
1775 3253 1840 3306 ut
1882 3245 2020 3307 huic
2066 3246 2326 3319 senatui,
2367 3246 2733 3307 accusativus
2774 3247 2833 3306 in
2884 3267 3000 3321 tim,
3046 3256 3110 3308 ut

524 3352 682 3412 bunc
738 3357 1039 3422 senatum,
1101 3347 1398 3409 vocativus
1455 3348 1661 3409 similis
1717 3355 1809 3407 est
1862 3348 2247 3421 nominativo,
2304 3356 2369 3408 ut
2412 3369 2447 3409 o
2493 3356 2764 3420 senatuS,
2822 3346 3109 3408 ablativus

524 3453 582 3515 in
643 3472 678 3513 ιι
739 3450 1113 3532 productam,
1169 3457 1235 3509 ut
1287 3449 1359 3510 ab
1421 3450 1536 3510 hoc
1599 3457 1826 3510 senatu.
1919 3450 2180 3512 eiusdem
2245 3448 2648 3509 declinationis
2718 3449 3107 3511 nominativus

525 3554 764 3637 pluralis
821 3562 879 3614 et
932 3551 1299 3613 accusativus
1350 3559 1408 3611 et
1454 3547 1766 3632 vocaltivus
1812 3550 1870 3611 in
1918 3571 1991 3612 us
2047 3552 2432 3633 productam,
2478 3559 2541 3611 ιιι
2598 3551 2658 3611 1ιί
2704 3559 2763 3611 et
2805 3551 2915 3612 hos
2968 3559 3028 3612 et
3071 3571 3178 3618 0³0

524 3667 794 3731 senatuS,
844 3652 1155 3732 *genetivus
1202 3652 1259 3712 in
1291 3670 1489 3741 -uum,
1546 3662 1612 3713 ut
1662 3653 1872 3713 horum
1927 3661 2267 3729 senatuum,
2326 3652 2553 3713 dativus
2605 3661 2664 3712 et
2706 3652 2992 3714 ablativus
3047 3653 3107 3714 in

522 3760 664 3834 bus,
706 3767 770 3819 ut
813 3758 907 3819 his
951 3764 1006 3816 et
1050 3754 1124 3816 ab
1166 3754 1261 3814 his
1288 3750 1316 3835 ΙΙ
1347 3753 1665 3815 senatibus.

421 3870 491 3922 30
698 3859 950 3931 Quintae
992 3854 1400 3917 declinationis
1448 3855 1754 3934 genetivus
1798 3865 1857 3917 et
1898 3856 2126 3918 dativus
2167 3856 2486 3937 ‘singularis
2533 3855 2591 3917 in
2638 3855 2689 3915 ei
2735 3854 2951 3916 divisas
2992 3855 3109 3935 syl·

520 3962 685 4023 labas
730 3961 1139 4041 proferuntur,
1198 3966 1261 4020 ut
1304 3957 1478 4019 buius
1533 3968 1591 4018 et
1645 3958 1781 4019 buic
1825 3958 1939 4032 rei,
1980 3958 2345 4019 accusativus
2392 3959 2450 4018 in
2492 3975 2616 4030 em,
2656 3964 2721 4017 ut
2763 3956 2918 4016 hanc
2960 3975 3105 4030 rem,

520 4065 817 4127 vocativus
870 4060 1077 4123 similis
1130 4070 1221 4123 est
1275 4057 1660 4132 nominativo,
1707 4068 1772 4120 ιιι
1816 4079 1851 4119 o
1894 4077 2021 4133 res,
2076 4060 2362 4121 ablativus
2417 4059 2476 4119 in
2530 4078 2563 4119 e
2620 4058 2997 4137 productam,
3040 4066 3103 4118 ut
3121 4079 3174 4120 aa

520 4168 595 4228 ab
639 4167 750 4227 hac
794 4183 878 4225 re.
969 4161 1359 4224 nominativus
1413 4168 1471 4221 et
1524 4160 1889 4221 accusativus
1943 4170 2001 4222 et
2049 4161 2348 4222 vocativus
2399 4159 2643 4240 pluralis
2691 4159 2953 4222 eiusdem
2999 4158 3100 4218 de·

520 4266 853 4329 clinationis
895 4265 954 4326 in
1001 4283 1067 4327 es
1109 4263 1455 4343 productam
1501 4270 1743 4336 exeunt,
1788 4271 1852 4323 ιιι
1895 4263 2007 4323 hae
2050 4271 2111 4323 et
2150 4263 2258 4323 has
2304 4271 2360 4323 et
2404 4281 2440 4321 o
2479 4281 2609 4331 res,
2654 4261 2958 4340 genetivus
3003 4259 3104 4319 ad·

519 4369 635 4431 dita
687 4386 816 4428 rum
863 4365 1082 4446 syllaba
1126 4363 1375 4426 ablativo
1418 4361 1728 4442 singulari,
1782 4374 1846 4426 ut
1890 4365 1963 4426 ab
1998 4364 2109 4426 hac
2152 4383 2221 4428 re,
2259 4364 2463 4424 harum
2512 4382 2738 4437 rerum,
2780 4364 3003 4425 dativus
3049 4369 3107 4422 et

519 4469 805 4532 ablativus
842 4469 903 4529 in
947 4468 1091 4541 buS,
1133 4475 1197 4527 ut
1236 4467 1326 4527 bis
1370 4474 1428 4526 et
1471 4464 1544 4527 ab
1583 4464 1675 4527 his
1722 4464 1917 4527 rebus.

657 4691 692 4739 4
739 4689 789 4737 in
827 4688 1061 4738 omnibus
1107 4687 1313 4737 Graecis
1351 4686 1636 4735 nominibus
1675 4686 1929 4750 quomodo
1966 4687 2192 4736 diximus
2231 4687 2468 4752 superius
2504 4686 2734 4735 inuenies
2774 4686 2823 4735 in
2861 4687 3037 4737 multis
3071 4700 3105 4743 ς

517 4761 570 4809 lu
599 4758 835 4808 omnibus
872 4757 1159 4807 nominibus
1196 4757 1449 4819 quomodo
1484 4756 1709 4804 diximus
1746 4756 1797 4804 iu
1837 4756 2008 4805 multis
2042 4757 2084 4806 0
2218 4757 2253 4807 8
2288 4757 2635 4811 terminatius·
2703 4758 3026 4805 terminantia
3067 4757 3108 4806 0

698 4825 761 4875 15
799 4827 849 4874 in
887 4826 1102 4891 septimo
1139 4823 1289 4889 libro]
1326 4843 1383 4888 p.
1422 4825 1522 4875 757
1562 4841 1674 4889 sqq.
1859 4826 1919 4875 17
1956 4824 2096 4891 esse]
2129 4827 2198 4875 uti
2234 4840 2267 4881 ς
2443 4841 2476 4889 o
2513 4841 2607 4874 om.
2637 4827 2693 4888 0,
2733 4826 2856 4877 add.
2894 4840 2928 4881 ς

515 4896 580 4946 21
614 4894 854 4944 desinunt
880 4910 914 4950 ς
951 4894 1155 4944 dissiuit
1180 4895 1222 4943 C
1323 4895 1390 4946 23
1419 4909 1518 4944 non
1553 4894 1923 4944 iautecedente
1958 4903 2012 4943 ut
2036 4896 2078 4945 G
2179 4897 2248 4945 24
2287 4895 2336 4944 in
2360 4895 2577 4960 septimo
2617 4891 2766 4958 libro]
2793 4909 2846 4958 p.
2871 4894 2973 4945 770
2989 4911 3101 4960 sqq.
3194 4940 3211 4945 -
