3576 5595
1336 419 1566 481 LIBER
1606 419 1758 482 XVII
1797 429 2026 483 31—34
2841 416 2961 478 129

483 549 526 589 p.
557 536 669 577 1052.
699 534 750 576 5³
777 534 827 577 Ρ.
1618 509 1624 517 ”
2551 544 2595 584 p.
2629 534 2693 575 25.
2720 534 2771 575 20
2800 533 2855 574 ιι.

372 608 543 670 lius'.
634 604 866 667 relativa
913 616 1140 680 autem,
1194 605 1306 668 nisi
1357 606 1474 668 sint
1525 606 1749 686 posita,
1807 604 2061 685 intellegi
2112 604 2352 664 minime
2396 613 2680 685 possunt,
2737 605 2852 669 nisi
2895 606 2957 668 in

374 708 896 770 demonstratione.
986 716 1128 770 tunc
1165 705 1175 791 Ι
1216 709 1370 769 enim
1417 716 1476 769 et
1518 709 1644 769 sine
1687 706 1942 768 relativis
1988 725 2305 788 possumus
2350 706 2629 789 redditiva
2669 707 2953 789 proferre,

373 819 435 871 ut
491 811 539 871 si
591 808 969 870 ostendentes
1017 801 1316 889 Virgilium
1362 810 1584 871 aiamus
1630 807 1786 870 ‘talis
1826 809 1937 871 suit
1978 809 2293 870 Homerus'
2331 806 2419 867 vel
2453 807 2678 870 Thesea
2714 810 2956 870 demon·

372 921 625 973 strantes
671 911 932 973 dicamus
980 917 1204 972 ‘tantus
1246 912 1356 972 suit
1397 911 1724 973 Hercules'.
2074 986 2079 994 ¹
3045 896 3049 901 ’

319 1031 344 1070 5
542 1014 692 1075 Huic
746 1013 998 1085 nomini,
1054 1012 1113 1074 id
1170 1021 1261 1074 est
1316 1014 1540 1091 ‘quis’,
1600 1011 1757 1090 quod
1815 1020 1908 1071 est
1957 1010 2431 1088 interrogativum
2494 1011 2581 1072 vel
2641 1012 2949 1088 infinitum,
2987 1022 3054 1074 33

369 1115 632 1177 redditur
690 1114 863 1193 ‘qui'
929 1114 1262 1176 relativum:
1326 1115 1491 1192 ‘quis
1559 1112 1795 1193 scripsit
1852 1110 2161 1193 bucolica?
2223 1113 2323 1191 qui
2384 1113 2557 1173 etiarn
2623 1115 2951 1194 georgica’.

369 1206 482 1279 h'oc
527 1227 753 1287 tamen,
814 1215 872 1275 id
917 1225 1006 1277 est
1051 1217 1254 1295 ‘quis'
1301 1215 1810 1294 interrogativum,
1869 1214 2108 1295 proprio
2156 1219 2390 1292 quoque
2438 1215 2773 1294 adiungitur
2815 1236 2953 1279 cum

369 1318 559 1380 verbis
616 1316 995 1380 substantivis
1053 1317 1141 1377 vel
1208 1318 1481 1379 vocativis
1549 1316 1797 1378 similem
1861 1317 1973 1377 vim
2033 1314 2402 1376 habentibus·
2510 1325 2567 1377 et
2624 1337 2949 1397 pronomen

269 1406 282 1411 ’
370 1421 544 1480 etiam
603 1420 868 1481 redditur
915 1418 1082 1480 huic.
1155 1419 1320 1498 ‘quis
1370 1429 1463 1479 est
1517 1415 1827 1497 Trypho?'
1889 1417 1973 1478 vel
2032 1418 2199 1494 ‘quis
2255 1418 2592 1479 nominatur
2637 1419 2949 1498 Trypho?'
2994 1404 3002 1413 ’

293 1523 391 1579 10‘
412 1526 556 1601 ego'
617 1521 704 1581 vel
759 1523 898 1581 ‘tu'
958 1520 1044 1581 vel
1103 1518 1270 1580 ‘ille’
1277 1566 1293 1593 ,
1322 1520 1429 1581 vel
1487 1539 1518 1579 e
1576 1520 1870 1590 contrario
1920 1538 2051 1579 cum
2097 1519 2443 1603 pronomine
2491 1519 2854 1593 adiunctum
2886 1511 2952 1581 τὸ

371 1624 575 1702 ‘quis’
632 1641 848 1683 nomen
901 1622 1195 1683 desiderat
1236 1622 1346 1682 sibi
1401 1622 1599 1682 reddi:
1651 1622 1823 1700 ‘quis
1880 1631 1973 1682 est
2023 1618 2199 1680 itte?’
2252 1620 2340 1681 vel
2410 1621 2578 1698 “quis
2638 1622 2951 1684 vocatur?’

367 1724 715 1788 ‘Achilles’.
809 1719 924 1807 etl]
954 1724 1328 1784 manifestum
1393 1743 1462 1785 ex
1518 1724 1630 1784 hoc
1673 1741 1936 1802 quoque,
2006 1721 2195 1800 quod,
2265 1722 2499 1801 quando
2559 1724 2778 1785 nomini
2853 1725 2955 1786 ad-

341 1807 646 1905 iungitur,
717 1823 1105 1887 substantiam
1163 1825 1461 1885 definitam
1519 1825 1595 1885 in⁴
1630 1824 1823 1903 aliqua
1879 1832 2036 1885 certa
2090 1843 2343 1904 persona
2403 1824 2739 1903 quaerimus
2809 1847 2950 1907 sup·
3036 1830 3043 1839 ’

367 1928 574 2008 positi;
663 1928 813 1988 hanc
881 1926 1035 1986 enim
1107 1926 1289 1987 solam
1355 1926 1672 1987 ostendunt
1744 1925 2120 2005 pronomina,
2205 1944 2453 2003 quorum
2527 1927 2950 1988 demonstratio

294 2045 340 2085 15
368 2029 476 2090 sibi
521 2047 754 2106 quoque
799 2028 1119 2088 accidentia
1166 2028 1601 2105 consignificat,
1661 2028 1815 2087 unde
1874 2028 1947 2087 ad
2001 2045 2174 2087 omne
2221 2028 2592 2106 suppositum
2637 2029 2947 2108 pertinent.

366 2130 600 2209 quando
645 2148 780 2190 vero
831 2129 1277 2209 pronominibus
1336 2128 1591 2207 iungitur
1647 2129 1876 2207 ‘quis’,
1939 2128 2325 2188 substantiam
2381 2129 2614 2207 quidem
2663 2130 2949 2209 intellegi·
2985 2138 3054 2192 34

365 2250 532 2305 mus,
594 2250 711 2291 non
753 2231 925 2291 etiam
970 2232 1386 2311 proprietatem
1431 2230 1757 2309 qualitatiS,
1812 2248 1961 2308 quae
2018 2230 2253 2291 nomine
2298 2230 2658 2311 explanatur.
2750 2243 2808 2295 et
2862 2241 2953 2294 est

367 2334 775 2408 manifestum,
833 2333 990 2410 quod
1034 2332 1163 2393 loco
1205 2334 1577 2413 propriorum
1622 2332 1925 2393 nominum
1966 2331 2313 2413 pronomina
2359 2333 2759 2413 accipiuntur,
2817 2353 2950 2396 cum

369 2454 436 2496 ex
485 2450 692 2497 eorum
733 2435 1189 2512 interrogatione
1248 2435 1481 2513 propria
1524 2416 1975 2512 intelleguntur.
2068 2452 2200 2494 cum
2259 2434 2412 2494 enim
2470 2434 2601 2496 dico
2661 2437 2828 2515 ‘quis
2885 2456 2950 2499 es

294 2553 344 2592 20
374 2535 516 2597 tu?'
562 2536 650 2595 vel
695 2533 943 2609 ‘ille?’,
997 2537 1122 2596 sine
1170 2536 1466 2597 dubio‘de
1506 2535 1853 2614 quibusdam
1899 2530 2077 2597 finitis
2117 2536 2231 2597 hoc
2280 2536 2410 2596 dico
2457 2538 2833 2614 substantiis,
2892 2540 2951 2599 in

368 2638 578 2716 quihus
649 2638 822 2698 etiam
896 2637 1284 2717 proprietates
1368 2638 1638 2699 desidero
1719 2638 1901 2713 scire,
1986 2647 2043 2698 et
2105 2656 2237 2699 cum
2303 2658 2334 2698 a
2398 2639 2652 2718 propriis
2719 2651 2952 2719 quoque

365 2843 445 2892 vel
493 2842 712 2892 ablativo
758 2841 922 2890 solum
972 2842 1141 2909 posuit
1191 2845 1585 2908 nominativum,
1634 2843 1888 2907 quomodo
1937 2853 1986 2893 et
2033 2844 2414 2907 TerentiuS,
2465 2853 2518 2893 ut
2562 2859 2717 2910 supra
2759 2845 2950 2895 dictum

366 2923 473 2973 est,
507 2913 556 2960 in
592 2911 860 2960 Andria:

698 2981 794 3029 Ite
829 2990 953 3030 tum
993 2979 1280 3032 discedo
1299 2982 1560 3042 abillo,
1602 2990 1671 3031 ut
1709 2984 1816 3045 qui
1855 2996 1918 3030 se
1960 2982 2164 3031 filiam

693 3047 900 3113 Neget
936 3047 1248 3098 daturum.

365 3117 677 3200 Horatius
715 3119 765 3166 in
804 3120 822 3166 1
858 3133 1249 3168 sermonum:

697 3186 951 3237 Plotius
988 3196 1049 3236 et
1087 3189 1324 3238 Varius
1362 3188 1727 3238 Sinuessae
1765 3188 2229 3254 virgiliusque

695 3257 1087 3316 Occurrunt,
1128 3258 1406 3322 animae,
1447 3257 1679 3321 quales
1716 3273 1927 3342 neque
1965 3259 2392 3314 candidiores

696 3327 894 3377 Terre
930 3327 1113 3391 tulit,

363 3410 453 3461 pro
496 3395 695 3445 animae
739 3397 895 3458 talen,
948 3397 1133 3459 quibus
1165 3398 1485 3448 candidiores
1524 3412 1687 3460 neque
1726 3407 1859 3448 terra
1896 3395 2026 3447 tulit.
2065 3396 2185 3446 add.
2228 3392 2393 3442 ODSr
2426 3394 2524 3446 del.
2561 3394 2600 3442 d
2639 3394 2728 3456 (ut
2772 3395 2820 3444 in
2864 3411 2946 3444 se-

363 3467 528 3516 cundo
566 3467 806 3516 aeneidos
844 3480 957 3527 sup.
999 3469 1084 3521 lin.
1114 3470 1237 3518 add.
1266 3467 1307 3516 S
1460 3467 1620 3530 Ver-9.
1659 3468 1793 3521 Aen.
1835 3469 1879 3518 11
1923 3465 2019 3517 331
2165 3460 2420 3530 maguis]
2461 3464 2607 3514 annis
2644 3462 2740 3513 0
2855 3466 2947 3513 mi-

362 3537 499 3585 cenis
530 3533 652 3585 DSr
696 3536 922 3585 micaenis
955 3533 997 3584 Ο
1081 3528 1091 3538 ’
1147 3539 1283 3588 Hor.
1320 3553 1400 3602 ep.
1439 3538 1491 3600 5,
1529 3539 1593 3588 57
1631 3553 1745 3603 sqq.
1891 3535 2014 3586 Sine
2046 3536 2096 3584 Β
2235 3542 2356 3596 quot
2392 3533 2433 3583 0
2574 3533 2875 3584 adulterium
2904 3532 2946 3583 Ο

497 3604 782 3655 adulterum
824 3606 1024 3655 Latreut
1060 3604 1361 3657 Suburanae
1397 3621 1550 3657 canes
1587 3605 1755 3656 Nardo
1794 3607 2041 3656 Horatius
2181 3612 2427 3669 perunctu
2465 3603 2506 3653 O
2648 3618 2761 3651 mea
2792 3597 2841 3653 D
2872 3651 2882 3659 ,

257 3683 278 3706 ⁸
364 3673 702 3725 laborauerint
739 3674 860 3725 oSr
1030 3677 1168 3739 quali
1204 3694 1295 3729 om.
1334 3676 1458 3727 oDr
1617 3677 1780 3741 figura
1820 3675 1862 3726 Ο
2020 3673 2293 3737 quodquod
2333 3673 2374 3722 0
2516 3673 2825 3723 nominativo
2862 3672 2945 3720 vel

359 3759 451 3798 om.
489 3760 520 3793 r
660 3746 951 3795 accusatiuo
990 3754 1039 3794 et
1077 3748 1299 3796 ablatino
1332 3748 1380 3796 Β
1521 3756 1571 3796 et
1602 3761 1696 3800 om.
1733 3762 1764 3795 r
1911 3745 2026 3794 Ter.
2061 3743 2227 3794 Andr.
2267 3745 2289 3792 Ι
2328 3744 2373 3799 1,
2413 3742 2506 3793 121
2545 3758 2623 3808 sq.
2658 3743 2727 3806 cf.
2756 3757 2812 3805 p.
2847 3741 2945 3792 128

356 3815 439 3863 lin.
475 3813 509 3864 9
654 3825 710 3865 ut
748 3824 904 3880 supra
945 3815 1130 3865 dictum
1171 3814 1267 3881 est]
1302 3824 1421 3880 pose
1459 3817 1652 3865 Andria
1693 3818 1907 3866 collocat
1944 3813 2019 3871 S;
2056 3814 2108 3863 in
2146 3827 2303 3879 supra
2337 3812 2378 3863 0
2518 3823 2595 3862 est
2626 3830 2719 3864 om.
2755 3813 2804 3861 Β

363 3884 482 3932 dum
519 3883 568 3932 Β
709 3895 861 3950 neget
896 3884 1051 3934 tiliam
1093 3886 1214 3936 ODr
1350 3887 1484 3937 Hor.
1520 3901 1668 3935 ser-m.
1709 3888 1744 3935 I
1764 3886 1818 3944 5,
1850 3885 1919 3935 40
1949 3898 2064 3948 sqq.
2207 3883 2519 3933 Horatius—
2535 3882 2813 3933 Sinuessae
2845 3896 2940 3930 om.

362 3953 485 4003 00⁷·
618 3952 845 4019 Plotius]
885 3955 1132 4006 Horatius
1170 3947 1402 4006 Plotinu8
1431 3955 1475 4004 S
1621 3955 1868 4022 Virgilius
1903 3969 2032 4017 quae
2067 3968 2100 4000 r
2131 3952 2389 4012 Vergilius
2425 3967 2553 4015 quae
2592 3952 2684 4003 OD
2835 3952 2947 4000 ani·

362 4039 471 4072 mae
507 4025 557 4073 in
587 4039 737 4074 versu
771 4026 900 4076 Hor.
947 4038 1039 4076 om.
1081 4025 1154 4076 Or
1218 4063 1222 4068 .
1320 4026 1446 4075 tales
1479 4040 1591 4088 sup.
1624 4027 1713 4078 lin.
1753 4026 1880 4074 add.
1914 4024 1963 4072 Β
2131 4021 2362 4085 qualibus
2398 4021 2441 4070 S
2615 4037 2778 4086 neque
2812 4030 2945 4070 terra

361 4093 474 4142 tulit
505 4108 600 4143 om.
637 4093 714 4157 D)
857 4095 884 4145 1
921 4094 1019 4145 nisi
1058 4095 1109 4144 L
1244 4097 1278 4145 2
1315 4092 1600 4158 redditiva]
1635 4096 1702 4160 dy
1738 4103 1787 4144 et
1815 4092 2068 4143 redditiua
2100 4092 2195 4142 GL
2229 4092 2472 4142 creditiua
2510 4094 2556 4142 Β
2707 4091 2739 4142 3
2777 4099 2946 4140 osten-

362 4159 560 4225 dentes]
593 4163 632 4211 d
658 4164 899 4214 ostendes
930 4146 985 4216 Β
1142 4161 1369 4229 aiamus]
1421 4165 1651 4214 dieamus
1698 4179 1869 4228 spscr.
1912 4178 1958 4210 m
2113 4161 2316 4211 thessea
2353 4162 2396 4211 G
2534 4164 2569 4211 4
2604 4160 2946 4210 herculesex

360 4228 592 4282 hercoles
628 4245 765 4284 corr.
808 4233 851 4282 G
1020 4237 1053 4287 5
1088 4233 1342 4284 infinitiuu
1378 4233 1420 4283 S
1584 4234 1618 4285 6
1649 4229 1907 4296 redditur]
1946 4248 2001 4291 r,
2051 4247 2123 4304 m.⁶
2151 4247 2255 4284 ree.
2294 4233 2342 4280 in
2379 4231 2428 4280 L
2463 4233 2654 4282 reditur
2689 4231 2736 4282 R
2770 4231 2943 4280 retitur

1988 4296 2106 4337 omiti

358 4352 410 4400 in
443 4365 554 4401 ras.
594 4354 613 4401 l
750 4352 780 4400 7
820 4352 957 4418 quis]
992 4356 1078 4418 qui
1104 4345 1205 4405 RD
1241 4362 1296 4403 ut
1335 4355 1448 4419 quis
1476 4354 1662 4406 MNSr
1801 4353 2011 4419 proprio
2044 4352 2307 4415 quoquest
2446 4354 2480 4405 9
2515 4351 2686 4419 tripho
2711 4348 2945 4402 RNSGL

496 4418 662 4486 tripho
709 4420 897 4471 NSGL
1074 4425 1139 4476 10
1183 4441 1210 4474 e
1247 4423 1534 4491 contrario]
1581 4442 1611 4475 r
1657 4426 1909 4476 contrario
1948 4424 1995 4474 R
2165 4422 2401 4473 adiuncto
2453 4425 2567 4487 quis
2606 4423 2654 4473 R
2705 4418 2948 4472 adiunctv
3026 4473 3032 4488 ,

357 4492 470 4555 quis
506 4507 538 4540 r
680 4489 738 4543 11
781 4505 844 4562 ἰο
877 4492 928 4542 L
1066 4495 1178 4558 quis
1213 4494 1452 4561 vocatur]
1488 4496 1525 4545 d
1559 4496 1645 4559 qui
1677 4505 1889 4546 uocatur
1924 4495 1974 4543 D
2015 4492 2129 4556 quis
2166 4501 2374 4542 uocatur
2408 4493 2493 4543 ille
2522 4509 2556 4542 n
2698 4492 2762 4543 12
2802 4492 2943 4543 uchi-

2764 4571 2792 4597 v

356 4612 428 4663 les
469 4614 512 4665 G
654 4611 720 4664 13
756 4613 1024 4665 diffinitam
1064 4615 1116 4664 Ν
1254 4630 1475 4681 persona
1509 4625 1647 4666 certa
1684 4616 1726 4667 0
1871 4615 1934 4666 15
1972 4614 2106 4665 unde
2142 4619 2189 4679 et
2217 4614 2283 4663 ad
2320 4616 2497 4667 οιιιιιόᾳ
2529 4613 2794 4680 subposita
2826 4630 2943 4681 per-

354 4684 478 4733 tinet
513 4684 592 4734 Hr
758 4685 823 4736 ad
863 4681 974 4737 oms
1012 4684 1056 4735 0
1232 4700 1408 4736 omnes
1439 4688 1733 4752 suppositos
1766 4687 1816 4736 L
1986 4684 2306 4749 subpositum
2344 4684 2436 4734 NS
2608 4683 2673 4735 16
2716 4683 2941 4750 *minagi-

354 4760 433 4804 tur
459 4752 578 4820 (ad)
616 4755 663 4804 L
807 4756 870 4807 17
906 4755 1298 4821 [ιιοριίιιειειιειιι
1335 4756 1415 4806 Rr
1556 4770 1686 4818 quae
1722 4756 2013 4805 iu·nomine
2051 4755 2147 4806 GL
2287 4756 2488 4804 nomine
2516 4768 2628 4818 cup.
2652 4755 2742 4807 lin.
2770 4755 2945 4804 add.r

352 4823 401 4870 N
543 4823 864 4891 explanatur]
906 4842 935 4874 r
973 4825 1311 4890 explanantur
1347 4824 1766 4890 G⁴explonantur
1802 4825 1848 4876 R
1989 4835 2065 4875 est
2101 4841 2195 4875 om.
2222 4823 2520 4932 MODJVSL
2656 4824 2727 4875 20
2764 4820 2873 4887 ille]
2910 4822 2947 4871 d

349 4889 439 4940 illo
471 4893 520 4941 Β
661 4893 725 4943 21
764 4895 1132 4961 propriaetates
1166 4894 1247 4944 Ην·
1385 4894 1641 4961 desiderio
1677 4896 1811 4947 Rr
1898 4910 1930 4946 a
1962 4909 2056 4948 om.
2100 4893 2143 4944 S
2592 4915 2595 4918 ·
2934 4935 2939 4940 .

454 4997 861 5040 οιιΔιιιιΔτιοι
902 4999 1126 5041 ωιτιιιι
1168 4998 1269 5041 ιιι.
2498 4977 2537 5040 9
