3576 5595
566 410 586 469 1
610 409 686 470 16
1542 411 1913 474 PmsctANt
1974 412 2163 473 INST.

663 539 705 580 p.
736 526 846 568 ιοιι.
875 524 927 566 42
954 525 1000 567 r.
2755 541 2797 583 ρ.
2828 530 2892 571 12.
2922 529 2972 571 ιε
2999 528 3049 574 κ.

562 597 931 678 suspicantes
975 597 1243 658 fortuitas
1286 616 1419 659 esse
1465 597 1900 661 ordinationum
1938 599 2281 680 positiones.
2356 600 2459 661 sed
2504 608 2785 679 quantum
2831 601 2902 661 ad
2949 619 3156 664 eorum

561 699 932 781 opinionem,
991 698 1182 760 evenit
1221 699 1571 777 generaliter
1609 701 1753 762 nihil
1801 720 1907 782 per
1948 701 2373 763 ordinationem
2423 703 2610 784 accipi
2656 721 2763 763 nec
2808 711 3012 765 contra
3059 724 3158 765 or-

564 800 918 861 dinationem
966 802 1227 881 peccari,
1272 801 1431 879 quod
1472 802 1804 865 existimare
1846 804 2081 884 penitus
2123 804 2387 865 stultum.
2480 805 2527 865 si
2573 814 2766 866 autem
2810 805 2871 865 in
2911 804 3156 883 quibus-

563 902 696 965 dam
742 903 1071 964 concedant
1112 908 1246 965 esse
1291 904 1752 980 ordinationem,
1812 924 2059 966 neccsse
2117 917 2207 967 est
2259 905 2434 970 etiam
2493 907 2768 970 omnibus
2825 925 2952 969 eam
3011 926 3156 969 con-

562 1005 791 1066 cedere.
884 1005 1037 1066 sicut
1074 1005 1253 1084 igitur
1296 1015 1429 1086 apta
1476 1007 1845 1069 ordinatione
1888 1009 2149 1088 perfecta
2191 1008 2456 1071 redditur
2505 1010 2726 1083 oratio,
2783 1010 2869 1070 sic
2917 1010 3154 1071 ordina·
3183 1035 3209 1073 5

560 1109 720 1169 tione
765 1116 897 1188 apta
945 1107 1190 1168 traditae
1233 1116 1372 1170 sunt
1415 1128 1446 1168 a
1488 1108 1842 1171 doctissimis
1886 1110 2161 1170 artium
2205 1111 2730 1191 scriptoribus
2778 1119 2977 1191 partes
3021 1131 3154 1172 ora-

562 1210 771 1284 tioniS‚
815 1227 948 1273 cum
978 1209 1166 1290 primo
1193 1210 1325 1272 loco
1352 1230 1565 1273 nomen
1584 1258 1599 1286 ,
1631 1211 1893 1274 secundo
1923 1211 2160 1273 verbum
2191 1223 2548 1293 posuerunt,
2577 1214 2796 1294 quippe
2829 1233 2960 1275 cum
2991 1213 3152 1276 nulla

559 1313 745 1373 oratio
783 1311 912 1373 sine
955 1312 1027 1373 iis
1071 1311 1429 1392 completur,
1477 1313 1633 1391 quod
1680 1314 1818 1376 licet
1861 1314 2172 1376 ostendere
2215 1333 2248 1375 a
2294 1316 2772 1391 constructione,
2817 1334 2965 1395 quae
3012 1335 3155 1377 con-

562 1416 706 1476 tinet
753 1433 940 1496 paene
991 1433 1198 1476 omnes
1243 1424 1441 1495 partes
1484 1416 1787 1481 orationis,
1877 1435 1910 1477 a
1970 1435 2083 1496 qua
2138 1416 2190 1478 si
2236 1416 2411 1479 tollas
2465 1436 2678 1479 nomen
2733 1426 2836 1480 aut
2890 1417 3150 1491 verbum,

559 1517 899 1597 imperfecta
960 1518 1023 1577 nt
1089 1517 1303 1594 oratio;
1374 1518 1470 1579 sin
1528 1504 1724 1580 autem
1792 1528 1986 1580 cetera
2044 1518 2356 1581 subtrahas
2422 1520 2652 1595 omnia,
2727 1539 2846 1581 non
2905 1538 3234 1586 necesseto

560 1627 651 1680 est
702 1619 1024 1682 orationem
1071 1619 1360 1696 deiicere,
1415 1629 1480 1681 ut
1531 1621 1579 1683 si
1633 1621 1827 1682 dicas:
1892 1621 2082 1682 ‘idem
2134 1622 2312 1703 homo
2367 1621 2566 1703 lapsus
2624 1623 2738 1683 heu
2795 1622 2968 1683 bodie
3015 1642 3156 1683 con-

560 1722 754 1797 cidit’,
814 1741 887 1783 en
955 1740 1162 1784 omnes
1228 1722 1428 1784 insunt
1497 1732 1694 1805 partes
1761 1723 2044 1786 orationis
2101 1725 2328 1802 absque
2384 1724 2830 1800 coniunctione,
2888 1743 3037 1803 quae
3100 1725 3150 1785 si

465 1836 527 1888 13
565 1824 839 1897 addatur,
870 1820 898 1908 ΙΙ
929 1824 1100 1885 aliam
1144 1823 1464 1886 orationem
1511 1824 1702 1904 exigit.
1794 1844 1934 1905 ergo
1981 1826 2030 1887 si
2072 1826 2244 1887 tollas
2291 1845 2502 1887 nomen
2549 1836 2649 1887 aut
2686 1826 2960 1900 verbum,
3007 1827 3153 1888 deti·

557 1926 673 1987 ciet
730 1925 950 2000 oratio,
1018 1926 1359 1988 desiderans
1404 1927 1494 1988 vel
1539 1946 1756 1989 nomen
1806 1927 1892 1987 vel
1948 1928 2219 2001 verbum,
2292 1936 2355 1988 ut
2391 1929 2439 1989 si
2486 1928 2674 1991 dicam
2721 1929 2908 1989 ‘idem
2947 1928 3152 2008 lapsus

557 2028 673 2089 heu
718 2027 890 2089 bodie
932 2028 1222 2089 concidit'
1266 2029 1352 2089 vei
1394 2028 1584 2090 ‘idem
1630 2029 1809 2089 homo
1855 2029 2057 2110 lapsus
2100 2030 2214 2091 heu
2259 2030 2507 2107 hodie’;
2552 2031 2643 2091 sin
2688 2030 3000 2092 subtrahas
3045 2029 3149 2091 ad·
3180 2056 3230 2095 is

557 2130 849 2205 verbium,
895 2148 1008 2190 non
1056 2129 1293 2191 omnino
1340 2130 1572 2192 deficiet
1615 2131 1835 2206 oratio,
1881 2139 1945 2192 ut
1986 2131 2175 2193 ‘idem
2222 2133 2399 2193 homo
2442 2131 2645 2212 lapsus
2680 2133 2796 2193 hen
2837 2131 3148 2193 concidit’.

558 2252 668 2295 nec
710 2252 827 2294 non
874 2232 1045 2292 etiam
1091 2232 1461 2313 participium
1508 2233 1555 2293 si
1600 2232 1857 2307 adimaS,
1904 2252 2096 2311 neque
2139 2232 2225 2294 sic
2264 2233 2524 2307 deficiet,
2586 2242 2681 2295 ut:
2740 2234 2928 2295 ‘idem
2970 2233 3149 2294 homo

556 2336 670 2398 heu
712 2334 884 2396 hodie
931 2334 1186 2396 concidit
1203 2338 1243 2409 ’,
1291 2353 1401 2395 ncc
1444 2335 1492 2396 si
1538 2334 2037 2416 praepositionem
2079 2344 2137 2396 et
2178 2334 2678 2396 interiectionem:
2728 2336 2919 2396 ‘idem
2968 2335 3149 2396 homo

557 2437 826 2512 cecidit’,
883 2453 992 2496 nec
1031 2436 1080 2496 si
1127 2436 1301 2497 etiam
1346 2455 1703 2518 pronomen:
1750 2436 1965 2498 ‘homo
2010 2436 2275 2497 cecidit'.
2365 2455 2481 2497 non
2527 2445 2720 2499 tamen
2768 2437 2930 2512 dico,
2993 2437 3148 2515 quod

558 2557 676 2599 non
732 2538 905 2601 etiam
965 2556 1034 2598 ex
1088 2538 1434 2618 pronomine
1480 2548 1538 2600 et
1593 2539 1769 2600 verbo
1815 2539 2074 2620 perfecta
2129 2534 2377 2619 con'smt
2430 2539 2646 2613 oratio,
2706 2556 2839 2601 cum
2895 2539 3148 2601 dicimus
3177 2562 3231 2605 ao

557 2644 703 2719 ‘ego
763 2638 1027 2713 ambulo,
1105 2648 1167 2700 tu
1227 2639 1549 2703 ambulas’.
1641 2649 1762 2703 tum
1810 2640 1963 2701 enim
2022 2648 2254 2701 constat
2307 2641 2589 2719 perfectio
2633 2640 2948 2716 orationis,
3014 2659 3147 2701 cum

556 2742 686 2804 loco
748 2741 1003 2803 nominis
1075 2740 1344 2804 sumatur
1408 2761 1736 2824 pronomen
1797 2750 1854 2803 et
1910 2742 2022 2803 vim
2068 2734 2340 2818 ‘nominis
2394 2742 2687 2823 compleat
2751 2742 3151 2820 ordinatione;

557 2845 791 2924 quando
833 2852 1026 2905 autem
1073 2843 1204 2906 loco
1249 2844 1505 2907 nominis
1550 2863 1657 2924 per
1696 2864 1761 2905 se
1803 2845 2069 2924 ponitur,
2135 2845 2191 2905 in
2248 2845 2513 2925 partibus
2558 2846 2901 2907 ostendetur
2942 2866 3151 2907 conse-

557 2946 906 3026 quentibuS,
966 2955 1023 3008 et
1068 2964 1214 3024 quae
1255 2947 1426 3008 verba
1469 2948 1540 3009 ad
1587 2947 1976 3008 nominativos
2024 2946 2462 3025 coniunguntur
2505 2946 2664 3008 solos
2710 2955 2768 3008 et
2811 2965 2959 3025 quae
3004 2946 3150 3008 obli·

464 3060 523 3110 14
560 3068 711 3128 qnos
767 3049 1104 3110 desiderant
1158 3069 1350 3111 casuS.
1442 3059 1576 3111 ante
1632 3051 1873 3112 vcrbum
1930 3067 2168 3129 quoque
2221 3048 2558 3110 necessario
2611 3049 2852 3129 ponitur
2909 3067 3145 3125 nomen,
3176 3074 3229 3115 25

493 3150 691 3242 ’,μυῖα
737 3168 911 3229 agere
958 3159 1016 3212 et
1060 3151 1178 3231 pati
1219 3151 1582 3213 substantiae
1629 3161 1720 3214 est
1764 3151 2100 3232 proprium,
2157 3151 2217 3211 in
2269 3168 2383 3228 qua
2428 3158 2514 3212 est
2560 3149 2777 3231 positio
2821 3151 3146 3226 nominum,

555 3272 625 3313 ex
672 3251 886 3331 quibus
933 3254 1267 3334 proprietas
1309 3253 1501 3328 verbi,
1564 3253 1620 3314 id
1672 3261 1763 3314 est
1806 3253 1959 3313 actio
2006 3262 2063 3313 ct
2109 3252 2336 3333 passio,
2397 3253 2676 3314 nascitur.
2769 3254 2923 3315 inest
2973 3254 3149 3332 igitur

555 3353 853 3416 intellectu
896 3354 1288 3417 nominativus
1335 3356 1394 3415 in
1437 3355 1582 3436 ipsis
1629 3354 1853 3428 verbis,
1914 3373 2031 3432 quo
2093 3354 2222 3415 sine
2282 3352 2608 3424 substantia
2668 3354 2982 3433 significari
3028 3374 3145 3414 non

696 3508 723 3560 1
767 3516 1030 3570 quantum.
1069 3507 1280 3557 deornm
1313 3508 1605 3573 opinionem
1642 3507 1687 3558 G
1860 3507 1893 3559 3
1942 3507 2153 3557 stultum
2190 3516 2285 3557 est.
2324 3505 2493 3556 ODnm
2661 3504 2739 3570 si]
2788 3504 2864 3557 sic
2900 3507 2943 3557 G
3112 3508 3148 3556 4

553 3575 856 3644 concedant]
891 3595 922 3626 r
956 3577 1240 3628 concedunt
1272 3577 1318 3626 R
1457 3575 1634 3642 etiam]
1675 3578 1728 3626 in
1764 3575 1806 3625 Ο
1946 3577 1979 3628 5
2015 3574 2169 3643 sicut]
2205 3595 2236 3627 n
2274 3575 2330 3626 Si
2364 3577 2415 3628 N
2554 3575 2735 3642 igitur]
2774 3578 2908 3627 enim
2948 3578 3007 3627 M

553 3645 647 3713 sic]
686 3665 758 3699 ex
787 3649 919 3698 sicut
954 3662 1093 3698 corr.
1135 3647 1195 3696 M
1372 3645 1406 3697 6
1444 3656 1596 3712 aptae
1631 3646 1675 3694 G
1849 3647 2163 3698 doctissimis
2197 3648 2380 3698 artium
2420 3645 2781 3712 scriptoribus]
2826 3664 2870 3698 v.
2912 3649 3146 3709 Apollon.

483 3753 486 3758 .
553 3718 617 3767 de
644 3726 777 3783 synt.
818 3717 838 3765 1
881 3716 913 3767 3
937 3732 994 3779 p.
1037 3717 1117 3778 11,
1157 3715 1190 3766 6
1226 3732 1337 3782 sqq.
1495 3717 1528 3767 8
1565 3720 1676 3767 sine
1711 3716 1794 3768 his
1833 3715 2215 3781 DNSGL(M)
2252 3718 2365 3766 sine
2403 3715 2504 3766 hiis
2540 3734 2571 3766 r
2751 3718 2868 3767 licet
2904 3721 2953 3767 in
2992 3717 3149 3781 tiquet

549 3794 665 3840 runt.
709 3788 753 3837 G
916 3786 950 3837 9
986 3801 1148 3852 poene
1180 3788 1230 3835 D
1335 3795 1338 3798 '
1402 3784 1511 3852 aut]
1553 3802 1667 3850 sup.
1697 3790 1787 3839 lt'n.
1822 3796 1872 3836 et
1902 3801 1987 3849 pr.
2026 3786 2068 3835 S
2247 3788 2311 3838 10
2350 3783 2423 3851 fit]
2467 3787 2561 3836 erit
2596 3787 2660 3836 M
2838 3788 2895 3837 11
2932 3787 3147 3837 deficere

552 3857 830 3908 orationem
873 3856 939 3906 M
1115 3855 1178 3906 15
1213 3851 1329 3919 sin]
1371 3872 1402 3903 r
1439 3857 1542 3906 siut
1575 3856 1624 3906 R
1796 3855 2101 3922 subtrahas]
2141 3857 2179 3906 d
2212 3856 2404 3907 subitas
2441 3857 2490 3905 D
2631 3854 2955 3923 adverbium]
2996 3873 3026 3906 r
3058 3858 3147 3906 ad·

552 3930 708 3976 uerbo
747 3927 789 3977 12
973 3925 1032 3977 [ss
1077 3933 1198 3987 pose
1233 3926 1459 3975 concidit
1491 3943 1606 3992 sqq.
1639 3942 1795 3992 usque
1832 3926 1905 3975 ad
1929 3931 2215 3989 pros-imma
2251 3928 2473 3977 concidit
2509 3942 2600 3976 om.
2639 3927 2682 3978 R
2718 3928 2841 3977 add.
2875 3943 2906 3975 r
3084 3927 3145 3977 17

551 3997 704 4049 homo
737 4011 851 4060 sup.
889 3998 975 4045 lin.
1013 3996 1139 4045 add.
1177 3996 1224 4044 D
1259 4012 1349 4045 om.
1391 3998 1434 4047 G
1600 3996 1660 4047 18
1697 3996 1849 4047 lindie
1882 4012 2021 4047 eras.
2062 4000 2113 4047 in
2152 3999 2198 4045 D
2359 3997 2755 4046 interiectionem
2792 4004 2847 4046 ut
2882 3995 2924 4045 S
3086 3997 3149 4046 19

550 4067 755 4130 cecidit]
793 4084 839 4117 m
877 4065 1083 4116 eiditM
1121 4066 1344 4116 concidit
1369 4065 1465 4130 (0)
1614 4081 1891 4140 pronomen
1934 4075 1987 4115 ut
2019 4065 2062 4117 S
2199 4067 2422 4117 concidit
2454 4066 2539 4130 (0)
2698 4075 2815 4130 pou
2851 4066 3037 4115 cecidit
3075 4071 3146 4126 (a.

550 4135 838 4198 concidit):
893 4136 1026 4186 scire
1059 4144 1226 4185 autem
1268 4137 1510 4186 debemus
1550 4137 1688 4199 quod
1728 4137 1985 4186 inuenitur
2032 4138 2195 4185 oratio
2235 4147 2285 4186 et
2333 4135 2519 4199 (etiam
2560 4135 2630 4200 Sy
2668 4148 2717 4186 et
2752 4151 2864 4204 cum
2905 4134 2994 4199 D)
3032 4146 3145 4184 octo

551 4214 723 4272 partes
759 4206 955 4256 habens
992 4214 1041 4255 et
1079 4207 1212 4254 idem
1268 4205 1348 4271 (s.
1392 4205 1645 4256 defectum
1683 4221 1851 4272 spscr.
1891 4204 1960 4270 r)
2005 4208 2194 4269 patitur
2232 4216 2284 4254 ut
2330 4207 2374 4255 si
2425 4206 2619 4255 dicam:
2682 4211 2765 4256 ‘tu
2806 4207 3013 4269 quidem
3053 4218 3145 4270 pro

551 4278 684 4327 iusto
723 4275 982 4326 disserens
1017 4291 1183 4342 papae
1217 4276 1377 4341 (pape
1414 4275 1531 4340 Ro)
1562 4291 1767 4342 semper
1804 4276 2021 4328 niucis’.
2072 4275 2211 4341 (sqq.
2252 4291 2343 4328 om.
2384 4274 2483 4341 Sy)
2524 4277 2762 4339 quamuis
2793 4275 2961 4325 ablata
2998 4290 3144 4340 prae·

554 4346 810 4409 positione
845 4346 1000 4411 ‘pro'
1034 4355 1084 4396 et
1121 4345 1337 4405 ‘iusto’,
1385 4346 1523 4410 quod
1560 4354 1636 4396 est
1673 4361 1891 4403 nomen,
1937 4346 2008 4394 ita
2039 4345 2263 4394 dicatur:
2317 4350 2401 4394 ‘tu
2440 4346 2645 4408 quidem
2685 4346 2945 4396 disserens
2983 4359 3147 4412 papae

553 4421 724 4479 (pape
758 4415 917 4479 libr-1⁰)
960 4430 1164 4482 semper
1201 4416 1427 4480 uincis’‚
1480 4425 1645 4465 tamen
1686 4415 1914 4482 perfecta
1951 4416 2200 4465 constabit
2234 4415 2413 4464 oratio.
2449 4416 2573 4469 add.
2616 4414 2870 4481 ODr(Sq)
3049 4429 3146 4463 nou

552 4485 675 4534 add.
709 4500 740 4533 r
884 4494 1007 4550 post
1041 4487 1155 4536 dico
1194 4489 1340 4536 trium
1367 4487 1484 4549 fere
1518 4485 1867 4537 vocabulorum
1899 4486 2056 4534 litura
2091 4488 2141 4535 in
2178 4485 2227 4533 N
2381 4486 2452 4535 ‘20
2483 4500 2547 4535 ex
2577 4501 2669 4535 om.
2710 4486 2755 4536 G
2792 4496 2839 4535 et
2877 4485 2924 4533 L
3080 4485 3142 4533 21

553 4562 747 4604 constet
776 4555 873 4604 NG
1013 4564 1130 4606 tunc
1166 4554 1544 4606 MODNSGLr
1693 4557 1759 4607 22
1798 4551 2051 4620 sumatur]
2078 4571 2104 4604 ⁸
2139 4553 2355 4603 sumitur
2378 4554 2419 4603 S
2558 4554 2624 4606 23
2662 4553 3011 4604 ostenditurG

554 4624 620 4672 24
655 4621 743 4691 ad]
779 4640 809 4671 r
841 4624 903 4672 ab
943 4624 988 4674 R
1151 4624 1512 4692 nominativos]
1554 4641 1624 4675 σω
1660 4626 2006 4675 nominatinus
2042 4632 2097 4674 ut
2135 4624 2237 4674 vid.
2272 4639 2409 4678 corr,
2454 4623 2514 4673 M
2676 4624 2744 4674 25
2781 4621 2956 4688 casus]
2997 4639 3028 4671 r
3062 4638 3146 4672 cn·

555 4707 642 4741 rus
678 4694 723 4742 lt
894 4702 1014 4756 post
1060 4710 1239 4746 casus:
1290 4696 1375 4746 hic
1420 4697 1484 4746 de
1521 4697 1842 4746 ordinatione
1880 4696 2101 4760 partium
2143 4702 2310 4743 narrat
2349 4708 2506 4758 quare
2541 4695 2686 4759 prius
2724 4708 2906 4742 nomen
2942 4702 2990 4741 et
3031 4701 3146 4757 post

556 4763 766 4812 uerbum
805 4764 1010 4827 ponitur
1046 4766 1170 4815 add.
1207 4767 1258 4815 N
1431 4762 1743 4830 necessario]
1780 4782 1812 4813 r
1849 4765 2137 4814 necessaria
2177 4764 2224 4815 R
2392 4764 2460 4815 2ss
2497 4765 2635 4826 quod
2681 4776 2846 4825 sprer.
2902 4761 2982 4810 uel
3028 4764 3147 4823 quia

553 4833 604 4882 Ν
740 4848 841 4895 qua
877 4834 1064 4898 positio
1089 4835 1132 4884 G
1275 4834 1484 4900 positio]
1521 4851 1592 4885 eae
1628 4834 1937 4901 praepositio
1972 4849 2111 4884 corr.
2142 4833 2208 4882 M
2348 4835 2664 4888 nonntinum
2691 4833 2735 4882 lt
2876 4833 2943 4880 27
2980 4829 3141 4898 verbi]

551 4919 622 4952 ea:
650 4905 806 4953 uerbo
842 4917 982 4955 corr.
1018 4902 1065 4951 D
1133 4901 1150 4906 ’
1207 4901 1360 4968 inest]
1395 4921 1426 4954 r
1463 4904 1599 4954 ldem
1640 4904 1685 4954 R
1825 4904 1893 4955 28
1929 4905 2040 4953 sine
2075 4920 2175 4969 qno
2214 4903 2317 4955 MS
