3576 5595
914 1261 1565 1343 PRAEFATIO
1628 1259 2117 1344 HENRICI
2181 1260 2550 1346 KEILII

1573 1519 1876 1527 ——0

597 1722 931 1810 Quoniam
980 1734 1304 1797 Martinus
1349 1734 1695 1816 Hertzius,
1753 1735 1859 1797 vir
1901 1735 2334 1797 amicissimus
2351 1783 2368 1816 ,
2426 1755 2688 1819 operam
2736 1754 2917 1796 suain
2965 1734 3031 1796 in

429 1835 767 1899 Prisciano
812 1834 1249 1916 conlocatam,
1296 1858 1463 1921 quae
1509 1835 1668 1899 mihi
1712 1838 1780 1899 in
1824 1836 1944 1898 hoe
1990 1835 2211 1899 labore
2255 1837 2632 1920 gratissima
2677 1834 2831 1916 fuit,
2878 1836 3033 1898 duo·

429 1937 752 2022 deviginti
798 1937 1279 1999 institutionum
1332 1937 1520 2001 libris
1565 1937 1883 2002 contineri
1931 1937 2174 2019 voluit,
2228 1936 2464 2023 reliqui
2505 1936 2687 2017 libri,
2740 1938 2852 2022 qui
2897 1938 3034 2022 qui-

428 2038 575 2101 dem
630 2034 1039 2122 granimatici
1096 2040 1359 2123 generis
1417 2036 1603 2121 sunt,
1674 2060 1754 2101 ne
1812 2041 1879 2100 in
1927 2059 2100 2102 nova
2146 2038 2432 2102 editione
2478 2037 3032 2118 desiderarentur,

426 2161 638 2203 meum
700 2138 987 2202 studium
1048 2141 1415 2202 necessario
1471 2138 1932 2225 requirebant,
2002 2141 2261 2203 tametsi
2318 2139 2534 2202 minus
2593 2148 2889 2223 paratum
2947 2140 3032 2202 ad

428 2239 593 2304 illud
651 2242 981 2323 negotium
1042 2250 1303 2325 praeter
1350 2242 1723 2327 opinionem
1786 2239 1947 2302 mihi
2006 2239 2294 2304 oblatum
2353 2259 2457 2304 me
2515 2262 2659 2303 esse
2701 2240 3032 2303 videbam.

427 2340 580 2405 olim
628 2343 831 2420 enim,
878 2364 1025 2405 eum
1071 2363 1270 2404 manu
1312 2343 1590 2427 scriptos
1636 2341 1840 2405 libros
1885 2339 2270 2406 Latinorum
2307 2342 2875 2425 grammaticorum
2923 2362 3033 2403 ex-

426 2443 785 2524 cutiebam,
832 2441 1159 2507 Prisciani
1204 2444 1463 2507 codices
1506 2432 1647 2506 tam
1688 2465 1885 2528 quam
1921 2464 1962 2505 a
2000 2465 2103 2507 me
2144 2443 2425 2525 alienos,
2472 2451 2817 2529 propterea
2858 2440 3036 2528 quod

426 2566 536 2607 eos
606 2565 828 2608 omnes
894 2543 977 2606 ab
1046 2543 1318 2607 IIertzio
1393 2553 1731 2628 susceptos
1800 2567 1945 2608 esse
2017 2546 2512 2627 existimabam,
2592 2535 3033 2628 negleiteram.

426 2655 655 2732 postea
700 2668 888 2726 ver0,
932 2668 1076 2709 cum
1119 2647 1404 2710 minores
1451 2645 1653 2709 libros
1697 2645 1781 2707 ab
1827 2644 1941 2709 illo
1988 2648 2484 2732 praetermissos
2527 2668 2672 2710 esse
2717 2645 3034 2723 audirem,

427 2758 772 2833 utrumque
824 2754 1111 2811 nostrum
1159 2747 1392 2811 idoneo
1429 2746 1902 2810 emendationis
1932 2759 2251 2834 apparatu
2285 2749 2665 2813 destitutum
2707 2768 2850 2810 esse
2891 2766 3035 2809 sero

428 2848 747 2913 intellexi.
839 2850 1091 2933 itaque,
1152 2871 1233 2911 ne
1278 2871 1463 2912 meus
1519 2871 1703 2912 error
1747 2852 2021 2932 gravius
2079 2850 2535 2913 detrimentum
2584 2857 2805 2910 nostro
2851 2847 3032 2931 operi

425 2950 742 3023 adferret,
787 2952 1118 3012 renovatis
1166 2950 1401 3012 studiis
1448 2971 1525 3011 ea
1569 2970 1734 3034 quae
1774 2960 1968 3013 antea
2013 2952 2254 3014 omissa
2290 2960 2476 3014 erant
2512 2948 2860 3012 adicienda
2888 2970 3036 3010 esse

427 3053 646 3114 statui.
738 3060 802 3113 et
847 3049 1129 3112 feliciter
1172 3050 1414 3113 accidit
1457 3058 1530 3112 ut
1570 3060 1703 3112 tres
1744 3050 2215 3131 bibliothecae,
2262 3072 2424 3136 quas
2460 3073 2534 3114 eo
2567 3048 2843 3112 consilio
2876 3048 3034 3129 adii,

428 3153 758 3232 Parisina,
823 3150 1199 3234 LeidensiS,
1259 3151 1814 3236 Guelferbytana,
1876 3155 2034 3215 satis
2080 3150 2362 3237 amplam
2409 3148 3036 3236 copiam·bonorum

427 3252 739 3316 librorum
799 3260 1224 3337 praestarent.
1318 3273 1447 3337 qua
1500 3275 1569 3315 re
1620 3274 2012 3338 quamquam
2072 3253 2350 3316 sortasse
2410 3254 2650 3316 rectius
2712 3250 3036 3337 quaedam

427 3355 855 3418 instituissem
916 3362 979 3415 et
1036 3351 1203 3416 alios
1254 3354 1512 3417 codices
1569 3353 1653 3417 ad
1711 3354 2235 3418 emendationem
2288 3354 2767 3434 adhibuissem,
2837 3355 2894 3416 si
2950 3351 3034 3415 ab

428 3455 615 3518 initio
663 3455 727 3516 in
773 3454 891 3516 hos
950 3452 1149 3517 libros
1196 3455 1483 3518 studium
1544 3479 1755 3519 meum
1804 3458 2313 3537 convertissem,
2367 3466 2584 3519 tamen
2639 3454 2742 3543 his
2795 3453 3034 3540 quibus

426 3578 587 3621 usus
636 3578 776 3619 sum
824 3577 1062 3619 novam
1108 3559 1551 3620 recensionem
1599 3560 1691 3621 ita
1736 3560 2049 3622 munitam
2087 3580 2230 3621 esse
2261 3555 2547 3637 confido,
2595 3565 2667 3620 ut
2706 3556 2825 3622 vix
2853 3557 3035 3641 quie-

428 3680 621 3745 quam
674 3658 826 3722 novi
873 3679 957 3721 ex
1002 3656 1380 3721 melioribus
1427 3657 1613 3722 libris
1660 3660 1817 3723 addi
1865 3661 2089 3745 possit.

599 3759 765 3823 'Pres
814 3760 1016 3844 igitur
1061 3758 1262 3823 libros
1306 3760 1391 3823 ad
1433 3760 1892 3847 Symmachum
1938 3763 2213 3848 scriptos
2274 3760 2367 3824 de
2412 3760 2718 3844 figuris
2767 3779 3035 3821 nume-

428 3883 698 3925 rorum
768 3870 834 3925 et
906 3860 998 3925 de
1062 3862 1346 3924 metris
1421 3861 1795 3926 Terentii
1862 3872 1925 3926 et
1987 3864 2081 3927 de
2143 3843 3034 3950 praeexercitamentis

426 3963 873 4027 rhetoricis
923 3964 1184 4048 saepius
1230 3985 1422 4049 quam
1464 3962 1752 4049 reliquos
1795 3974 1944 4050 post
1973 3973 2273 4028 octavum
2307 3962 2636 4028 saeculum
2672 3961 3035 4045 descriptos

427 4086 571 4127 esse
637 4065 882 4128 inveni.
980 4085 1130 4127 nam
1200 4086 1349 4128 eum
1417 4064 1873 4149 duodeviginti
1938 4068 2422 4130 institutionum
2475 4064 2676 4128 libros
2736 4063 2827 4125 ita
2878 4061 3032 4124 olim

428 4165 678 4229 divisos
725 4189 867 4230 esse
907 4166 1829 4249 animadverterit'IlertziuS,
1874 4177 1948 4231 ut
1985 4170 2298 4254 septimus
2337 4166 2628 4230 decimus
2668 4173 2734 4228 et
2764 4172 3035 4228 octavus

428 4266 752 4343 decimus,
800 4269 912 4353 qui
955 4276 1107 4331 sunt
1142 4268 1224 4331 de
1270 4268 1680 4331 ordinatione
1722 4276 1786 4331 et
1833 4269 2317 4333 constructione
2363 4268 2755 4347 dictionum,
2803 4288 2843 4328 a
2886 4265 3031 4329 reli-

426 4370 572 4454 quis
620 4369 906 4433 sedecim
950 4376 1488 4455 segregarentur,
1533 4390 1667 4432 una
1708 4391 1858 4433 eum
1905 4370 2159 4434 duobus
2205 4370 2286 4433 de
2328 4369 2811 4433 constructione
2847 4367 3035 4431 libris

426 4480 490 4533 et
542 4469 608 4533 hi
652 4480 783 4533 tres
830 4470 913 4534 ad
956 4471 1418 4557 Symmachum
1466 4472 1697 4556 scripti
1740 4480 1806 4533 et
1851 4458 2122 4534 carmen
2154 4471 2236 4534 de
2281 4468 2679 4556 ponderibus
2716 4479 2781 4533 et
2812 4469 3031 4532 Rufini

425 4573 931 4635 commentarius
976 4573 1058 4637 de
1097 4574 1320 4636 metris
1350 4571 1641 4636 Terentii
1684 4573 1842 4658 poni
1885 4570 2215 4654 solebant3
2264 4573 2477 4635 rarius
2520 4593 2722 4635 unum
2765 4580 2831 4636 et
2874 4571 3034 4634 alte-

425 4694 568 4736 rum
616 4676 967 4758 separatim
1025 4676 1432 4759 scripserunt
1485 4673 1758 4737 librarii.
1850 4695 2074 4736 omnes
2134 4683 2354 4736 autem
2409 4673 2666 4737 codices
2723 4674 2817 4736 ita
2870 4679 3037 4735 inter

427 4795 499 4837 se
543 4777 994 4858 consentiunt,
1040 4784 1114 4839 ut
1154 4797 1562 4839 communem
1609 4774 1889 4855 sontem,
1936 4796 2064 4860 quo
2111 4796 2335 4838 omnes
2381 4774 2447 4837 hi
2492 4774 2645 4838 libri
2684 4796 2847 4862 quos
2894 4774 3032 4839 dixi

426 4896 511 4938 ex
548 4877 918 4962 antiquiore
958 4885 1174 4941 aetate
1208 4878 1551 4963 propagati
1584 4888 1768 4957 sunt,
1805 4879 1946 4941 sine
1978 4897 2216 4961 magna
2252 4876 2635 4940 diversitate
2673 4878 3034 4964 scripturae

2503 4981 2628 5042 25*
