3576 5595
1321 412 1549 475 LIBER
1593 412 1724 474 XIII
1774 422 1840 478 17
1854 421 1999 476 ——21
2881 409 2959 470 13

468 545 510 584 p.
539 532 627 574 964.
656 533 705 572 ⁶⁵
733 531 782 571 P.
2050 562 2056 569 ,
2629 539 2672 579 p.
2701 527 2774 567 571
2805 524 2859 567 K.

352 603 570 664 abest:
616 608 763 679 ‘ego
809 599 992 673 facio,
1050 607 1112 659 tu
1156 597 1334 671 racis,
1390 599 1616 660 Tullius
1654 599 1850 672 facit',
1915 597 2029 658 nisi
2077 597 2169 658 -vel
2226 616 2508 677 praesens
2560 596 2638 657 sit
2687 596 2843 658 iuxta
2902 607 2961 657 et

368 703 821 764 demonstrative
876 702 990 761 hoc
1038 702 1238 780 'ipsum
1302 700 1563 761 volentes
1621 700 1878 761 indicare
1940 699 2204 759 dicamus
2269 697 2416 759 ‘hic’
2471 697 2559 759 vel
2622 698 2815 772 ‘iste’,
2869 698 2960 759 vel

369 805 541 882 longe
577 805 840 864 videatur
883 813 940 864 et
975 801 1237 863 dicamus
1284 799 1454 873 ‘ille’,
1503 800 1623 874 vel,
1665 802 1714 862 si
1759 800 1946 875 absit,
1991 800 2158 878 quasi
2203 800 2277 860 de
2321 798 2435 860 iam
2464 800 2700 877 cognito
2728 808 2962 860 utamur

369 905 608 966 relativo
653 906 776 979 (ἰδ’,
825 905 1089 976 dicentes
1129 903 1201 963 de
1243 921 1359 981 quo
1403 903 1517 962 iam
1576 902 1842 963 novimus
1895 901 2113 979 aliquid
2173 901 2267 975 vel,
2316 900 2494 962 locuti
2547 881 2686 961 ante
2734 920 2958 963 sumus.

317 1035 343 1072 5
372 1026 507 1067 cum
560 1005 734 1085 igitur
775 1025 1012 1086 semper
1062 1006 1121 1065 in
1174 1005 1672 1068 demonstratione
1732 1003 1810 1064 sit
1862 1003 2048 1083 prima
2093 1012 2151 1063 et
2194 1002 2452 1063 secunda
2508 1021 2791 1083 persona,
2847 1004 2962 1066 boc

344 1115 568 1169 autem
626 1108 881 1168 nominis
937 1115 1133 1167 careat
1186 1105 1607 1179 nominativuS‚
1661 1104 1786 1166 iure
1843 1105 1915 1165 ad
1969 1104 2198 1165 tertiam
2249 1104 2569 1166 retruditur
2625 1124 2958 1185 personam.

314 1262 321 1267 ,
371 1210 750 1272 substantivis
793 1217 986 1270 autem
1031 1216 1091 1269 et
1143 1207 1417 1269 vocativis
1464 1206 1606 1267 solis
1660 1206 1792 1268 ideo
1844 1206 2240 1283 adiunguntur
2281 1205 2471 1267 verbis
2527 1215 2585 1267 et
2626 1206 2849 1287 primae
2901 1216 2958 1268 et
2992 1222 3062 1274 20

372 1311 666 1374 secundae
710 1329 998 1390 personae
1029 1307 1363 1371 nominativi
1409 1306 1741 1382 nominum,
1787 1307 1941 1386 quod
1981 1307 2248 1369 videntur
2284 1308 2410 1387 ipsa
2454 1308 2602 1368 haec
2644 1309 2816 1369 verba
2845 1309 2960 1369 vim

372 1411 883 1472 demonstrativam
925 1411 1160 1472 babere.
1248 1410 1564 1472 ostendunt
1606 1407 1761 1469 enim
1828 1407 2213 1471 substantiam
2267 1409 2526 1488 ipsarum
2577 1430 2960 1490 personarum

294 1539 347 1581 ιο
371 1512 461 1573 vel
504 1512 993 1583 nominationem,
1035 1511 1095 1572 in
1141 1530 1253 1589 qua
1299 1510 1565 1572 similiter
1602 1508 1928 1572 substantia
1957 1510 2420 1585 demonstratur,
2466 1530 2577 1574 nec
2614 1521 2793 1591 egent*
2828 1533 2964 1593 pro-

374 1613 742 1686 nominibuS‚
793 1632 942 1691 quae
985 1612 1541 1674 demonstrationem
1585 1611 1946 1672 substantiae
1984 1611 2331 1689 significant.

546 1716 690 1777 Cum
731 1715 908 1793 igitur
953 1715 1147 1775 omnia
1193 1734 1342 1793 quae
1384 1712 1495 1775 sibi
1541 1713 1976 1791 coniunguntur
2030 1712 2090 1772 in
2146 1712 2391 1774 diversis
2448 1715 2639 1793 posita
2692 1716 2963 1795 personis

376 1816 662 1888 casualia,
709 1816 828 1876 sive
865 1816 1272 1894 disiungantur
1315 1834 1418 1876 seu
1462 1814 1843 1893 copulentur,
1910 1814 2159 1874 eundem
2216 1823 2449 1875 servant
2512 1834 2742 1889 casum,
2795 1836 2964 1877 voca-

376 1920 529 1980 tivus
570 1919 682 1979 boc
729 1918 890 1978 solus
923 1936 1153 1977 servare
1202 1936 1321 1977 non
1375 1924 1587 1996 potest.
1678 1915 1927 1976 dicimus
1984 1915 2138 1979 enim
2195 1915 2307 1977 ‘vel
2353 1915 2579 1978 Probus
2637 1917 2726 1976 vel
2769 1917 2961 1978 Dona·

297 2046 349 2086 15
379 2028 504 2093 tus,
550 2027 609 2079 et
649 2018 984 2079 Priscianus
1022 2026 1080 2078 et
1122 2017 1524 2090 Theoctistus,
1581 2027 1639 2077 et
1681 2034 1790 2095 ego
1839 2025 1895 2076 et
1936 2016 2064 2090 ille,
2123 2017 2208 2078 vel
2255 2019 2370 2078 mei
2417 2018 2507 2078 vel
2552 2018 2666 2092 tui,
2723 2027 2781 2080 et
2823 2020 2983 2081 mihi.

379 2129 437 2180 et
482 2120 614 2195 tibi,
658 2120 745 2179 vel
787 2139 881 2180 me
912 2120 1001 2179 vel
1037 2126 1126 2192 te,
1170 2126 1228 2178 et
1271 2140 1302 2179 a
1347 2138 1439 2180 me
1484 2128 1543 2179 et
1586 2138 1617 2179 a
1664 2122 1779 2192 te’;
1827 2118 2121 2179 vocativus
2164 2128 2391 2194 autem,
2453 2119 2564 2180 nisi
2608 2119 2667 2179 in
2715 2139 2826 2180 una
2870 2138 2965 2180 ea-

379 2222 629 2300 demque
673 2240 925 2300 persona
969 2221 1347 2282 conserantur
1390 2220 1615 2280 diversa
1658 2219 1925 2292 nomina,
1970 2220 2128 2298 iungi
2174 2239 2293 2281 non
2329 2229 2553 2300 potest,
2600 2228 2663 2281 ut
2700 2221 2875 2282 ‘bone
2907 2230 2966 2281 et

381 2331 542 2384 caste
569 2330 627 2382 et
667 2323 984 2399 formose’;
1020 2324 1153 2400 quia
1182 2323 1335 2383 enim
1368 2320 1483 2382 alia
1503 2320 1943 2401 personasbunc
1976 2340 2176 2382 casum
2202 2321 2420 2383 babere
2463 2341 2581 2383 non
2622 2330 2818 2402 potest
2852 2322 2963 2382 nisi

380 2425 666 2497 secunda,
711 2443 780 2484 eo
807 2425 1068 2486 diversas
1092 2424 1335 2501 iungere
1360 2442 1644 2503 personas
1674 2440 1792 2482 non
1821 2441 2169 2501 possumus,
2210 2423 2421 2484 ceteris
2462 2442 2597 2485 vero
2621 2423 2857 2486 casibus
2878 2424 2967 2484 di-

298 2552 352 2593 ²0
378 2544 578 2587 versas
615 2544 900 2606 personas
942 2525 1257 2604 iungimuS,
1297 2525 1515 2604 quippe
1546 2543 1679 2584 cum
1717 2523 1775 2583 in
1818 2523 2089 2584 omnibus
2124 2523 2203 2584 illi
2239 2524 2612 2586 inveniuntur
2636 2526 2908 2605 personis
2940 2576 2968 2586 -

379 2645 519 2703 ergo
551 2626 784 2706 quando
808 2626 1057 2688 dicimus
1095 2630 1177 2686 ‘et
1204 2646 1312 2703 ego
1352 2634 1409 2686 et
1431 2625 1528 2686 ille
1555 2633 1613 2686 et
1649 2629 1757 2699 tu',
1794 2625 1921 2685 sine
1947 2625 2124 2685 dubio
2148 2626 2539 2688 nominativus
2569 2636 2660 2688 est
2683 2630 2816 2688 (ω’.
2879 2627 2967 2688 id-

378 2747 494 2807 que
522 2728 769 2790 maxime
799 2728 1125 2789 dinoscitur
1151 2727 1211 2788 in
1242 2727 1450 2809 plurali
1480 2746 1756 2801 numero,
1802 2726 1958 2804 quod
1998 2726 2242 2807 pluralia
2276 2728 2720 2809 conceptionem
2749 2730 2968 2790 babent

380 2848 784 2911 personarum.
873 2848 1012 2909 ergo
1057 2829 1291 2908 quando
1342 2829 1590 2889 dicimus
1622 2823 1648 2911 ΙΙ
1679 2830 1812 2907 ‘ego
1871 2811 1950 2889 et·
1990 2837 2051 2890 tu
2096 2829 2250 2891 docti
2295 2836 2551 2908 sumus’,
2605 2832 2730 2892 sine
2787 2832 2967 2893 dubio

380 2937 493 2993 ‘tu'
534 2932 925 2994 nominativus
962 2931 1317 3010 intellegitur
1350 2977 1394 3004 .,
1434 2940 1493 2992 et
1535 2931 1691 3008 quod
1737 2929 2081 3010 pronomina
2128 2929 2316 2992 isdem
2357 2930 2593 2994 casibus
2637 2932 2963 3012 adiungun-
2999 2953 3061 3003 21

301 3059 352 3098 ns
381 3042 477 3094 tur
516 3034 575 3094 in
615 3032 980 3094 nominibus:
1037 3035 1171 3110 ‘ego
1213 3032 1510 3110 VirgiliuS,
1568 3042 1632 3093 tu
1678 3033 1977 3110 Virgilius,
2033 3032 2128 3092 ille
2186 3032 2491 3111 Virgilius3
2554 3035 2669 3095 mei
2729 3035 2964 3113 Virgilii,

382 3135 462 3195 tui
508 3134 756 3212 Virgilii,
803 3133 956 3194 illius
1000 3131 1262 3211 Virgilii’,
1309 3142 1367 3194 et
1409 3134 1564 3213 quod
1609 3134 1682 3195 ad
1723 3134 2212 3212 interrogationes
2244 3134 2580 3195 nominativi
2611 3135 2967 3197 redduntur:

380 3237 536 3314 ‘quis
581 3233 859 3315 scripsit?
907 3240 1061 3313 ego’,
1100 3235 1258 3313 ‘quis
1300 3233 1576 3314 scripsit?
1621 3239 1729 3310 tu',
1773 3235 1929 3314 ‘quis
1973 3233 2251 3314 scripsit?
2292 3235 2433 3295 ille'.

552 3337 626 3397 Et
653 3336 929 3416 quicquid
954 3336 1129 3396 habet
1154 3337 1497 3411 vocativum,
1540 3337 1653 3398 hoc
1686 3345 1745 3397 et
1781 3336 2199 3396 nominativum
2230 3335 2424 3408 habet,
2467 3337 2743 3415 quicquid
2771 3346 2965 3399 autem

382 3438 826 3510 nominativum,
867 3455 985 3497 non
1027 3437 1363 3499 omnimodo
1405 3446 1464 3498 et
1506 3439 1829 3499 vocativum
1872 3456 2064 3516 neque
2102 3437 2256 3498 enim
2285 3437 2693 3516 interrogativa
2730 3439 2966 3501 nomina

305 3556 355 3596 ao
385 3559 494 3599 nec
522 3539 744 3600 infinita
778 3557 887 3599 nec
927 3538 1265 3617 abnegativa
1297 3558 1405 3599 nec
1434 3539 1801 3601 distributiva
1833 3539 1921 3601 vel
1959 3539 2306 3619 impertitiva
2356 3558 2464 3600 nec
2505 3540 2773 3613 relativa,
2820 3559 2969 3619 quae

519 3691 546 3741 1
580 3688 723 3756 tacit]
758 3690 787 3739 b
824 3691 953 3741 saci*
986 3692 1038 3741 B
1186 3700 1234 3740 et
1266 3691 1387 3742 add.
1424 3708 1455 3739 r
1602 3694 1633 3742 2
1670 3693 1895 3742 uolentes
1930 3692 2156 3742 indicare
2188 3692 2424 3766 uolentes
2449 3693 2507 3742 K
2655 3691 2903 3759 iudicare]
2940 3710 2972 3744 r

382 3777 604 3826 indicnr·
652 3778 696 3827 R
871 3776 903 3827 3
950 3776 1186 3827 uideatur
1232 3777 1416 3842 longue
1453 3778 1509 3827 K
1677 3776 1903 3844 cognito]
1933 3794 1970 3843 9
2010 3787 2224 3843 cognato
2240 3758 2312 3826 6
2473 3780 2507 3827 4
2543 3777 2796 3844 novimus]
2838 3777 2971 3830 noufi

380 3847 530 3896 GLK
701 3848 893 3909 loquuti
926 3847 972 3896 D
1142 3847 1175 3896 5
1209 3861 1412 3911 semper
1443 3861 1533 3898 om.
1574 3848 1618 3897 G
1791 3849 1840 3896 in
1872 3849 2300 3898 demonstratione
2335 3862 2538 3912 semper
2566 3849 2622 3898 K
2766 3849 2801 3900 6
2834 3859 2973 3898 caret

380 3917 600 3966 nominis
630 3917 676 3965 L
816 3925 953 3966 caret
986 3918 1029 3966 G
1198 3918 1241 3965 7*
1264 3913 1532 3980 vocativis]
1562 3932 1594 3965 r
1621 3918 1842 3967 uocatiui
1872 3919 1919 3968 R
2089 3918 2123 3967 8
2153 3918 2449 3968 nominativi
2480 3934 2593 3978 om„
2630 3919 2887 3966 nominum
2916 3944 2972 3954 —

380 3986 569 4035 babere
600 4001 759 4047 supra
784 3994 900 4048 pose
936 3983 1155 4036 vocativi
1189 3985 1391 4036 exhibet
1419 3987 1482 4049 R,
1519 3986 1619 4039 del.
1663 3995 1713 4036 et
1746 3986 2326 4037 nominatim—habere
2357 3995 2474 4048 pose
2501 4001 2746 4051 personae
2779 3987 2904 4038 add.
2941 4003 2972 4035 r

522 4055 585 4104 12
632 4055 703 4103 De
749 4069 807 4104 eo
846 4057 986 4118 quod
1029 4058 1293 4106 uocatiuus
1337 4056 1573 4106 uocatiuo
1616 4057 1667 4105 in
1701 4057 1921 4107 diuersis
1952 4059 2186 4122 personis
2232 4057 2440 4122 adiungi
2485 4071 2584 4107 non
2618 4057 2781 4122 possit
2816 4058 2971 4106 inser.

379 4127 398 4174 l
541 4124 603 4174 13
637 4126 749 4173 siue
782 4125 1141 4190 disiunguntur
1172 4126 1283 4174 siue
1316 4127 1377 4175 H
1555 4125 1957 4193 desiunguantur
1989 4127 2044 4176 K
2220 4126 2285 4177 15
2320 4126 2401 4175 uel
2433 4127 2671 4191 §sciemus
2704 4134 2753 4175 et
2786 4128 2834 4174 L

380 4229 621 4293 pseianus
667 4229 709 4278 G
860 4227 1205 4294 Theoctistus]
1250 4197 1527 4279 theodistus
1566 4231 1616 4279 L
1658 4228 1927 4281 theotistus
1968 4229 2074 4279 ΒΚ
2113 4229 2401 4280 theottistus
2442 4231 2489 4280 R
2534 4227 2873 4279 theoctbistus
2916 4229 2975 4279 H

376 4296 677 4381 tssocthistus
706 4333 756 4379 D
910 4340 957 4379 et
986 4339 1103 4380 ante
1134 4347 1229 4397 ego
1266 4348 1353 4382 om.
1394 4332 1442 4380 B
1596 4331 1662 4384 16
1696 4341 1745 4383 et
1778 4349 1810 4383 a
1842 4341 1890 4382 te
1925 4341 1973 4383 et
2015 4349 2046 4383 a
2076 4349 2156 4383 me
2192 4333 2284 4382 GL
2371 4340 2419 4381 et
2453 4349 2482 4382 a
2518 4341 2563 4381 te
2640 4341 2688 4381 et
2733 4347 2762 4380 a
2804 4347 2884 4381 me
2918 4331 2972 4382 Κ

521 4400 581 4450 17
617 4399 905 4449 conferatur
932 4401 984 4450 B
1126 4401 1189 4451 18
1224 4401 1481 4464 formonse
1509 4403 1538 4451 b
1682 4401 1824 4468 quia]
1860 4419 1892 4452 r
1921 4404 2006 4467 qui
2043 4403 2086 4454 R
2191 4402 2257 4452 19
2304 4416 2547 4466 personas
2582 4403 2791 4468 iungere
2819 4402 2872 4451 B

379 4471 636 4535 possimus
668 4469 722 4517 K
872 4469 940 4520 20
973 4472 1262 4521 *ommibus
1277 4470 1408 4535 (n—
1347 4472 1462 4537 —i)
1500 4474 1544 4522 13
1584 4474 1871 4522 *ominibus
1885 4473 1966 4537 (n)
2001 4474 2051 4522 L
2200 4471 2265 4521 21
2303 4480 2351 4519 et
2385 4471 2473 4521 ille
2506 4480 2554 4521 et
2596 4487 2694 4534 ego
2727 4473 2777 4521 L
2924 4479 2972 4521 et

377 4553 473 4607 ego
509 4548 557 4589 et
595 4540 682 4588 ille
718 4548 767 4587 et
801 4537 876 4620 ιιι]
912 4556 945 4587 r
988 4555 1086 4618 ego
1121 4549 1169 4588 et
1203 4547 1256 4590 tu
1280 4541 1420 4591 docti
1451 4557 1629 4590 sumus
1653 4543 1699 4592 R
1837 4543 1993 4592 dubio
2028 4550 2104 4591 est
2136 4541 2480 4591 nominatiuus
2513 4550 2589 4590 est
2624 4542 2667 4591 G
2811 4542 2973 4590 nomi-

380 4607 603 4674 nativus]
637 4609 668 4658 b
702 4606 1016 4659 nominatinu
1047 4610 1099 4659 B
1244 4619 1365 4673 post
1395 4612 1767 4662 nominativus.
1803 4620 1879 4661 est
1911 4610 2401 4662 tit—nominatiuus
2432 4625 2524 4662 om.
2561 4612 2606 4661 R
2647 4611 2770 4661 add.
2802 4628 2833 4660 r·

378 4680 444 4731 23
479 4694 575 4743 ego
608 4687 657 4728 et
687 4679 824 4728 docti
856 4694 888 4728 r
1036 4681 1104 4730 24
1137 4681 1316 4730 iisdem
1350 4680 1400 4730 B
1443 4681 1642 4730 hisdem
1676 4681 1828 4730 GLK
1975 4680 2043 4730 25
2079 4681 2130 4729 in
2165 4695 2255 4731 om.
2296 4680 2507 4730 RBDH
2649 4679 2718 4731 26
2751 4681 2814 4729 ad
2846 4680 2967 4729 add.

378 4764 407 4794 ι·
542 4750 608 4797 27
644 4750 730 4810 qui
764 4748 1006 4813 scripsit?
1040 4758 1089 4797 tu
1128 4750 1172 4799 R
1299 4750 1433 4813 qui
1465 4751 1708 4814 scripsit?
1750 4750 1835 4798 ille
1867 4751 1926 4799 H
2094 4748 2163 4801 30
2197 4749 2447 4799 infinitiua
2482 4750 2627 4800 GLK
2805 4750 2884 4798 uel
2920 4751 2972 4798 in

378 4817 533 4866 litura
565 4818 600 4865 k
751 4819 1048 4882 inpertitiua
1079 4818 1113 4867 Ιι
1156 4820 1461 4884 iinperatiua
1492 4821 1597 4869 LK
1639 4820 1912 4902 impertiua
1946 4817 1981 4866 k
2029 4820 2285 4884 impertita
2314 4819 2407 4871 HG
2442 4821 2679 4884 inpertita
2713 4820 2870 4870 BDH

380 4899 506 4946 quae
538 4902 607 4935 ex
638 4888 757 4950 quia
787 4902 924 4940 corr.
957 4889 1015 4936 H
