3576 5595
622 353 748 415 522
1694 355 2121 438 [pauset-xm]

725 485 767 524 p.
798 470 910 510 1290.
941 470 986 511 Ul
1021 470 1067 510 P.
2770 483 2812 523 p.
2844 471 3021 510 3ῒὶ7-1ὶ9
3054 470 3106 511 Κ.

621 541 945 620 composita
999 560 1133 601 vero
1193 539 1438 601 eandem
1492 541 1605 602 sibi
1658 541 2191 620 pronuntiationem
2248 542 2598 614 defendunt,
2651 561 2827 619 quam
2886 542 3107 602 habent
3151 543 3210 603 in

621 641 1023 721 simplicitate,
1085 650 1148 703 ut
1206 644 1460 702 concava
1516 643 1849 720 transfuga:
1898 645 1957 702 su
2007 643 2162 703 enim
2210 644 2269 703 in
2317 644 2688 723 simplicitate
2734 643 2929 705 brevis
2982 654 3106 717 est,
3154 652 3211 704 et

625 742 753 805 ideo
811 745 1106 822 transfuga
1166 752 1222 803 et
1277 763 1395 804 non
1450 744 1752 821 transfuga
1808 744 2076 805 dicimus.
2169 745 2457 805 homicida
2517 764 2752 823 quoque
2808 754 2866 806 et
2920 745 3209 826 parricida

621 845 752 906 ideo
804 845 1041 923 longam
1099 846 1157 905 in
1205 846 1222 904 i
1268 845 1620 925 paenultima
1682 844 1931 918 habent,
1974 846 2115 924 quia·
2157 867 2188 906 e
2232 846 2463 925 longam
2513 847 2570 907 in
2618 847 2634 907 i
2678 848 3021 927 productam
3069 867 3209 908 con·

527 953 588 1003 15
625 954 872 1007 vertunt.
937 947 1260 1026 composita
1300 966 1330 1006 a
1376 966 1522 1006 cano
1553 945 1971 1025 paenultimam
2011 949 2368 1028 corripiunt:
2421 949 2706 1027 excipitur
2750 941 3001 1022 tibicen,
3051 949 3249 1027 quoda

621 1049 950 1128 euphoniae
1009 1067 1186 1109 causa
1247 1068 1355 1127 pro
1414 1048 1642 1109 duabus
1693 1047 1732 1108 ii
1782 1048 2059 1109 brevibus
2115 1068 2289 1109 unam
2347 1057 2519 1110 sonat
2587 1048 2844 1128 longam.
2935 1058 3212 1111 notantur

620 1160 816 1211 autem
863 1149 1171 1230 pleraque,
1218 1168 1368 1227 quae
1405 1150 1423 1209 i
1463 1150 1720 1210 vocalem
1767 1150 2000 1227 longam
2045 1152 2263 1212 habent
2308 1159 2443 1211 ante
2491 1151 2783 1224 vocalem,
2843 1158 2905 1211 ut
2951 1151 3212 1230 philoso-

623 1253 759 1333 phia
816 1253 1025 1332 Papia,
1079 1252 1568 1329 quemadmodum
1627 1271 1807 1312 unum
1871 1253 2111 1313 verbum
2174 1255 2280 1324 lie,
2324 1251 2480 1331 quod
2531 1252 2720 1313 solum
2760 1253 2778 1313 i
2816 1262 2950 1314 ante
2994 1274 3029 1313 ο
3076 1271 3212 1332 pro-

621 1355 856 1415 ductam
917 1353 1111 1413 habet.
1203 1354 1334 1413 ideo
1391 1361 1584 1414 autem
1630 1354 1882 1414 diximus
1933 1352 2240 1433 pleraque,
2290 1355 2423 1431 quia
2468 1355 2660 1414 omnia
2706 1354 2723 1413 i
2772 1354 3028 1415 vocalem
3074 1364 3210 1414 ante

621 1455 877 1517 vocalem
922 1455 1194 1515 habentia
1237 1455 1296 1515 in
1343 1455 1837 1533 antepaenultima
1883 1463 2107 1515 mutant
2142 1465 2491 1537 accentum,
2537 1466 2601 1515 ut
2638 1456 2881 1516 Veneria
2915 1456 3204 1516 Marcellia
3238 1477 3284 1515 ιο

621 1558 805 1618 Aricia
858 1557 1154 1618 Placentia
1204 1557 1457 1617 Ausonia
1513 1557 1766 1618 Turonia
1827 1556 2064 1617 Colonia
2119 1556 2311 1618 Brixia
2358 1557 2625 1617 Sardinia
2669 1558 2951 1618 Teutonia
3000 1568 3055 1618 ct
3115 1557 3207 1618 illa

621 1678 772 1739 quae
815 1660 872 1719 in
922 1658 996 1718 tia
1043 1659 1350 1731 liniuntur,
1398 1666 1460 1718 ut
1518 1658 1736 1719 iustitia
1782 1658 2068 1737 sapientia
2115 1659 2422 1719 maestitia.
2514 1659 2666 1720 hanc
2710 1668 2903 1720 autem
2950 1660 3209 1736 regulam

622 1770 902 1823 secuntur
946 1760 1138 1821 omnia
1197 1779 1346 1838 quae
1392 1759 1479 1820 sic
1539 1760 1823 1820 finiuntur
1885 1769 2118 1839 praeter
2161 1760 2255 1820 illa
2313 1778 2461 1837 quae
2508 1779 2684 1840 supra
2733 1761 3012 1834 diximuS,
3061 1779 3210 1838 quae

525 1875 589 1926 16
627 1864 734 1924 alia
775 1863 1137 1925 differentiae
1183 1881 1391 1935 causa,
1438 1861 1545 1921 alia
1592 1862 1718 1922 solo
1762 1881 1871 1921 usu
1906 1862 2375 1940 pronuntiantur.
2432 1862 2799 1942 excipiuntur
2841 1862 2995 1922 illius
3040 1863 3210 1923 istius

621 1965 838 2046 ipsius,
877 1965 1126 2040 genetivi
1175 1963 1541 2041 quorundam
1588 1964 2031 2043 pronominum,
2082 1983 2331 2039 quorum
2373 1963 2763 2042 paenultimae
2809 1964 3212 2024 indifferenter
3239 1985 3284 2022 ιε»

525 2138 537 2148 ἱ
622 2075 939 2148 ponuntur.
1031 2065 1126 2126 illa
1187 2084 1422 2143 quoque
1480 2084 1630 2143 quae
1685 2085 1718 2124 a
1777 2065 1967 2125 verbis
2022 2065 2150 2125 colo
2207 2065 2381 2142 gigno
2435 2076 2868 2144 componuntur
2924 2066 3212 2145 paenulti-

623 2188 774 2230 mam
830 2167 1066 2228 brevem
1132 2167 1380 2239 habent,
1439 2175 1499 2227 ut
1556 2163 1876 2248 caelilcola
1936 2167 2187 2227 ruricola
2244 2166 2500 2228 silvicola
2564 2167 2837 2243 rurigena
2898 2170 3206 2246 terrigena.

601 2271 846 2346 reliqua
894 2288 1027 2328 vero
1079 2269 1272 2330 omnia
1319 2269 1393 2328 ita
1447 2268 1755 2347 participio
1804 2270 1982 2330 l'uturi
2028 2269 2310 2348 temporis
2358 2268 2564 2329 similia
2611 2269 3022 2349 paenultimam
3075 2291 3210 2351 pro-

626 2375 879 2443 ducunt,
939 2379 998 2430 ut
1049 2371 1228 2440 haec,
1294 2370 1582 2449 sciiptura
1634 2378 1840 2430 natura
1902 2371 2257 2445 litteratura3
2317 2389 2464 2449 quae
2521 2371 2747 2444 omnia,
2791 2372 3025 2449 quando
3075 2382 3212 2432 sunt

529 2486 590 2535 17
630 2473 894 2541 nomina,
941 2479 1204 2549 tempore
1250 2479 1467 2530 carent.
1559 2491 1624 2531 ea
1665 2489 1833 2542 v,ero
1881 2491 2030 2549 quae
2067 2492 2097 2532 a
2145 2482 2280 2534 ante
2326 2494 2358 2534 a
2404 2472 2491 2533 vel
2536 2493 2573 2534 u
2620 2481 2754 2533 ante
2798 2493 2830 2533 a
2877 2473 2961 2533 vel
3008 2493 3212 2552 quam-
3232 2494 3285 2533 ιο

624 2574 767 2634 libet
819 2572 1077 2633 voc-alem
1125 2571 1372 2645 habent,
1419 2572 1614 2633 onmia
1662 2573 2086 2653 corripiuntur,
2138 2583 2200 2634 ut
2238 2575 2470 2635 Mantua
2518 2577 2714 2654 Capua
2762 2574 2977 2635 Danaa.
3070 2577 3213 2637 Cor-

625 2676 744 2736 sica
788 2694 922 2762 vero
981 2682 1038 2734 et
1087 2673 1298 2735 similia
1346 2674 1681 2735 breviantur
1723 2684 1781 2734 et
1826 2676 2018 2735 omnia
2078 2695 2226 2753 quae
2289 2685 2424 2736 sunt
2483 2675 2809 2754 possessiva
2856 2677 2943 2736 vel
2990 2677 3210 2738 eisdem

625 2778 864 2851 similia,
913 2778 960 2838 si
1007 2777 1023 2838 i
1077 2775 1298 2837 habent
1350 2775 1409 2836 in
1463 2776 1818 2856 paenultima
1889 2777 2286 2855 subsequente
2336 2797 2371 2838 c
2428 2782 2825 2853 consonante,
2872 2787 2936 2840 ut
2985 2779 3212 2841 Cretica

626 2880 879 2943 Isaurica
944 2878 1349 2944 Alemanniea:
1416 2879 1702 2958 excipitur
1769 2878 1989 2952 vesica,
2048 2881 2201 2958 quod
2262 2880 2621 2959 producitur.
2713 2899 2865 2958 quae
2919 2902 3054 2942 vero
3111 2883 3213 2941 ha-

623 2983 856 3045 buerint
894 3002 963 3052 n,
1016 2980 1446 3060 producuntur,
1494 2989 1556 3041 ut
1597 2983 1853 3041 Romana
1889 2978 1913 3065 ΙΙ
1947 2984 2238 3061 Campana
2283 2982 2539 3060 Hispana
2586 2984 2864 3043 Cumana.
2956 2992 3014 3043 et
3066 2984 3210 3042 haec
3231 3003 3281 3041 ιε,

625 3085 820 3146 omnia
861 3084 981 3143 sive
1023 3083 1306 3162 producta
1359 3082 1477 3143 sive
1525 3093 1793 3161 correpta
1839 3103 1944 3162 per
1986 3082 2253 3160 obliquos
2309 3104 2480 3144 casus
2527 3084 2725 3143 itidem
2782 3085 3211 3163 pronuntianda

532 3199 594 3249 18
632 3194 785 3247 sunt.
879 3206 910 3244 e
976 3185 1136 3245 linita
1204 3186 1312 3244 lixa
1374 3185 1788 3263 paenultimam
1858 3185 2133 3278 syllabam
2200 3185 2391 3245 omnia
2454 3186 2794 3264 productam
2853 3186 3104 3260 habent,
3153 3195 3216 3246 ut

627 3288 809 3349 sedile
856 3286 1072 3347 monile
1125 3286 1419 3363 singulare
1464 3286 1726 3359 verbale,
1784 3306 1934 3365 quae
1985 3287 2307 3365 aequaliter
2350 3307 2459 3367 per
2504 3299 2733 3348 ceteros
2780 3308 2951 3348 casus
3000 3289 3217 3368 produ·

531 3407 592 3457 19
631 3390 817 3451 cenda
856 3398 1010 3450 sunt.
1077 3410 1112 3447 o
1156 3389 1345 3449 littera
1393 3388 1699 3449 terminata
1741 3389 2071 3468 praeposita
2119 3389 2299 3450 vocali
2340 3409 2370 3449 e
2409 3390 2821 3468 paenultimam
2870 3390 3214 3469 corripiunt,

627 3501 688 3553 ut
733 3510 918 3569 ganeo
962 3490 1130 3552 labeo
1177 3489 1334 3563 aleo,
1381 3509 1530 3566 qnae
1566 3490 1725 3551 solos
1771 3490 2159 3551 nonninatiros
2204 3492 2421 3552 habent
2461 3499 2517 3550 et
2558 3493 2866 3552 vocatives.
2945 3512 3009 3552 ea
3058 3512 3212 3565 vero,
3233 3514 3286 3553 30

625 3612 773 3672 quae
821 3594 836 3653 i
883 3593 1102 3662 habent
1145 3600 1278 3651 ante
1310 3611 1379 3665 o,
1427 3590 1694 3651 similiter
1732 3593 2162 3671 corripiuntur,
2205 3593 2307 3654 sed
2354 3614 2461 3673 per
2499 3602 2727 3653 ceteros
2761 3613 2934 3654 casus
2973 3603 3216 3673 excepto

626 3694 885 3755 vocativo
931 3695 1367 3772 producuntur,
1416 3701 1478 3751 ut
1529 3693 1707 3752 mulio
1754 3693 2061 3768 mulionis,
2109 3695 2414 3773 quaternio
2458 3695 2878 3772 (maternioniS.
2968 3715 3217 3774 praepo-

626 3798 735 3858 sita
792 3805 986 3857 autem
1051 3795 1309 3872 qnalibet
1367 3804 1731 3855 consonante
1780 3794 2211 3877 paenuljtimam
2257 3798 2602 3877 productam
2653 3806 2915 3870 servant,
2963 3806 3027 3857 ut
3072 3798 3217 3856 haec

623 3901 816 3976 imago
859 3896 1165 3974 imaginiS,
1216 3898 1371 3974 uligo
1420 3896 1687 3973 uliginiS,
1735 3897 1917 3974 fuligo
1957 3897 2141 3975 caligo
2185 3898 2593 3960 dissimilitudo
2625 3899 2983 3976 magnitudo.
3074 3917 3219 3976 quo-

622 4020 753 4063 rum
798 3999 907 4061 alia
951 4021 985 4060 ο
1031 4000 1089 4060 in
1143 3999 1394 4077 obliquis
1448 3998 1682 4060 casibus
1728 4008 1963 4059 servant
2008 4009 2064 4059 et
2110 4002 2484 4081 producenda
2538 4011 2706 4076 sunt,
2753 4001 2861 4061 alia
2910 4001 2969 4061 in
3012 4002 3028 4060 i
3075 4021 3288 4061 con-:25

763 4206 796 4255 0
833 4206 950 4268 quia
983 4205 1153 4252 omnia
1192 4204 1420 4253 nocalem
1445 4213 1560 4253 ante
1599 4204 1824 4269 uon-alem
1861 4206 2089 4254 ultimam
2128 4207 2141 4254 i
2178 4205 2417 4256 habentia
2445 4206 2504 4255 H
2539 4222 2667 4270 qnae
2705 4207 2931 4255 uocalem
2971 4217 3087 4255 aute
3127 4220 3217 4254 no-

627 4277 784 4325 calem
826 4277 840 4323 i
879 4274 1112 4323 habentia
1141 4274 1183 4323 G
1326 4275 1388 4324 18
1426 4275 1592 4323 omnia
1636 4277 1683 4322 iu
1721 4290 1748 4321 a
1788 4275 2078 4323 desinentia
2108 4277 2373 4341 participio
2408 4291 2440 4331 ς
2582 4280 2649 4326 20
2682 4292 2810 4338 quae
2846 4293 2874 4323 a
2912 4286 3028 4324 ante
3068 4278 3145 4324 nel
3187 4290 3216 4322 u

627 4357 742 4394 ante
791 4360 820 4393 a
869 4353 985 4392 ante
1025 4360 1056 4391 u
1103 4344 1181 4391 uel
1237 4345 1512 4408 quamlibet
1553 4344 1595 4393 G
1639 4359 1766 4405 quae
1807 4362 1835 4391 ιι
1874 4356 1989 4393 aufe
2029 4362 2058 4394 u
2100 4347 2373 4407 quamlibet
2410 4346 2462 4393 H
2669 4347 2735 4395 25
2774 4346 2973 4393 eimana
3011 4355 3055 4393 ct
3096 4345 3219 4393 haec

627 4416 796 4464 omnia
832 4413 1111 4462 seeundum
1140 4413 1374 4463 diuersas
1405 4415 1614 4477 regulas
1652 4415 1981 4478 producenda
2014 4432 2104 4479 per
2131 4415 2364 4476 obliquos
2402 4417 2511 4464 siue
2550 4415 2871 4479 corripienda
2915 4425 3049 4465 suut.
3091 4414 3218 4463 haec

627 4485 796 4533 omnia
834 4485 943 4532 siue
983 4483 1225 4547 producta
1265 4485 1375 4531 siue
1414 4492 1643 4548 correpta
1677 4499 1767 4547 per
1802 4485 2035 4546 obliquos
2073 4499 2222 4531 casus
2262 4484 2433 4532 itidem
2468 4485 2841 4549 pronuntianda
2880 4496 2996 4534 sunt
3037 4485 3079 4531 G
3129 4499 3217 4531 cu-

626 4569 776 4602 mana
827 4562 875 4600 et
925 4552 1048 4599 haec
1086 4553 1253 4601 omnia
1309 4570 1397 4617 per
1434 4553 1666 4615 obliquos
1706 4569 1857 4602 casus
1896 4554 2140 4617 producta
2172 4555 2280 4602 siue
2316 4560 2553 4618 correpta
2590 4555 2974 4620 pronuncianda
3011 4564 3128 4603 sunt
3163 4553 3219 4601 H

766 4624 831 4672 27
891 4622 927 4669 Ε
971 4622 1110 4669 finita
1153 4622 1250 4669 lixa
1289 4623 1620 4687 penultimam
1660 4623 1675 4670 i
1718 4622 1956 4671 habentia
2006 4624 2054 4670 in
2106 4624 2282 4671 endem
2333 4625 2525 4686 syllaba
2572 4626 2739 4673 omnia
2779 4625 3124 4688 produeuntur
3164 4633 3215 4671 ut

629 4692 787 4741 sedile
827 4690 870 4737 G
932 4691 968 4736 b:
1021 4689 1161 4739 linita
1207 4691 1307 4740 fixa
1360 4692 1686 4756 penultimam
1737 4693 1978 4740 habentia
2023 4693 2036 4740 i
2082 4693 2131 4739 iu
2181 4694 2355 4741 eadem
2396 4694 2591 4756 syllaba
2642 4695 2810 4742 omnia
2848 4694 3215 4757 producuntur.

629 4760 755 4809 alias
797 4774 916 4808 uero
960 4759 1161 4808 uocales
1199 4760 1434 4809 habentia
1465 4762 1682 4809 similem
1716 4761 1947 4826 regulum
1986 4772 2270 4824 sequuntur
2306 4776 2360 4811 ut
2396 4763 2554 4812 sedile
2583 4778 2616 4819 ς
2758 4764 2856 4810 fixa
2897 4779 2985 4810 om.
3029 4762 3083 4810 II

629 4828 695 4878 30
732 4829 870 4878 solos
911 4826 1252 4876 nominatiuos
1283 4840 1330 4877 et
1369 4831 1635 4879 uocatiuos
1667 4831 1947 4895 corripiunt
1987 4831 2029 4880 G
