3576 5595
892 400 1387 462 PARTITIONES
1434 401 1539 463 xl!
1585 399 1797 460 VERS.
1846 399 2011 460 AEN.
2057 400 2180 460 llll.
2221 409 2438 463 83—91
2853 399 2976 460 479

490 532 535 570 ρ,
572 518 688 558 ιυι.
721 518 770 556 42
799 517 844 556 ν.
2549 525 2594 565 p.
2616 514 2787 558 aoe-ti
2821 516 2876 558 κ.

385 590 780 650 inveniuntur.
873 596 964 648 est
1019 595 1213 648 autem
1258 587 1373 653 hoc
1419 604 1663 657 nomen,
1719 586 1777 645 id
1819 593 1907 645 est
1952 605 2050 646 rex
2095 593 2153 645 et
2192 585 2422 662 regina,
2470 585 2728 656 verbale,
2772 588 2901 664 quia
2945 607 2975 648 a

387 691 562 751 verbo
607 689 885 750 nascitur.
979 709 1046 749 ex
1093 690 1206 749 hoe
1243 698 1438 749 tamen
1484 705 1717 765 quoque
1761 690 1825 748 tit
1858 687 2097 747 verbum
2142 687 2665 760 denominativum,
2717 688 2771 747 id
2821 697 2905 747 est
2944 708 2975 747 a

387 792 624 852 nomine
655 791 1011 864 derivatum,
1054 809 1235 866 regno
1281 809 1492 866 regnas
1530 797 1753 865 regnat.
1846 787 2032 858 Quale
2076 786 2207 847 est?
2264 787 2703 866 Appellativum,
2746 791 2977 866 generis
3011 805 3079 857 88

389 894 682 966 seminini,
731 892 956 952 numeri
1009 891 1349 968 singula1·iS‚
1400 892 1620 968 figurae
1666 890 1978 969 simplicis,
2030 908 2205 950 casus
2249 890 2344 949 hic
2390 891 2754 961 nominativi,
2803 891 2980 950 deeli-

347 995 645 1055 5uationis
691 994 932 1085 primae.
1025 995 1188 1063 Quae
1231 993 1467 1052 nomina
1508 1011 1576 1052 ex
1620 1011 1690 1051 eo
1745 992 2101 1062 derivantur,
2143 990 2257 1049 hoc
2299 1000 2388 1050 est
2432 1011 2462 1050 a
2510 991 2688 1068 rege?
2768 991 2980 1069 Regius

388 1105 446 1155 et
487 1096 719 1173 regalis.
812 1095 887 1154 Et
944 1094 1080 1170 quid
1135 1094 1379 1155 interest
1437 1095 1589 1154 inter
1642 1094 1840 1170 regius
1886 1101 1943 1152 et
1983 1090 2237 1169 regalis?
2304 1091 2518 1168 Regius
2560 1094 2979 1172 possessivum,

386 1197 600 1274 regalis
639 1215 776 1255 vero
815 1196 883 1254 ad
924 1195 1330 1254 claritudinem
1364 1195 1644 1274 pertinet,
1689 1195 1745 1254 id
1795 1203 1886 1254 est
1931 1194 2141 1271 dignus
2184 1213 2343 1271 rege.
2426 1193 2529 1252 Die
2578 1193 2979 1254 diminutivum

387 1297 530 1358 eiuS.
604 1296 862 1373 Regulus
898 1305 956 1356 et
985 1296 1254 1374 regilius,
1295 1314 1446 1374 quae
1486 1297 1659 1355 etiam
1707 1296 1942 1375 propria
1991 1295 2383 1355 inveniuntur.
2457 1295 2591 1354 inde
2635 1304 2775 1374 puto
2809 1297 2982 1356 etiam

387 1399 649 1475 regulam
685 1398 832 1471 diei,
880 1418 993 1477 qua
1039 1416 1313 1458 mensura
1361 1405 1745 1474 exaequatur,
1794 1396 1961 1473 quasi
2007 1396 2343 1457 mensuram
2378 1416 2607 1473 regens
2677 1396 2781 1457 Die
2825 1416 2984 1457 eom·

320 1501 647 1579 inpositum
688 1519 756 1559 ex
803 1519 891 1559 eo.
982 1500 1278 1572 Interrex,
1325 1498 1619 1575 regilieus.
2902 1563 2909 1570 l

562 1601 782 1661 Gravi
828 1620 978 1678 quae
1028 1619 1164 1679 pars
1208 1599 1492 1660 orationis
1534 1598 1665 1659 est?
1709 1599 1956 1660 Nomen.
2041 1597 2280 1675 Quale?-
2333 1600 2709 1660 Adiectivum.
2802 1601 2981 1661 Cuius
3016 1621 3085 1672 39

392 1701 651 1782 speciei?
715 1702 1073 1774 Primitivae‚
1139 1703 1371 1780 generis
1417 1701 1776 1777 eonununis;
1836 1702 2030 1763 omnia
2071 1698 2079 1783 Ι
2121 1702 2275 1761 enim
2323 1702 2600 1761 adiectiva
2642 1705 2698 1762 in
2742 1703 2791 1763 is
2833 1702 2986 1762 desi-

395 1804 591 1863 nentia
637 1804 969 1865 eommunia
1015 1811 1150 1864 sunt
1201 1811 1256 1862 et
1303 1801 1359 1862 in
1398 1823 1430 1861 e
1476 1804 1699 1862 faciunt
1734 1813 2040 1863 neutrum:
2109 1803 2333 1862 numeri
2374 1803 2718 1880 singularis,
2766 1807 2985 1880 tigurae

394 1905 709 1985 simplicis,
767 1924 938 1964 casus
994 1904 1243 1964 ablativi.
1334 1903 1527 1964 omnia
1584 1904 1736 1963 enim
1797 1923 1974 1983 supra
2031 1904 2223 1964 dietae
2280 1906 2502 1964 formae
2563 1905 2795 1965 nomina
2856 1906 2914 1965 in
2968 1907 2984 1964 i

327 2008 710 2067 isterminant
746 2005 1077 2065 ablativum.
1167 2006 1280 2065 Fac
1326 2005 1397 2065 ab
1445 2025 1513 2065 eo
1554 2005 1950 2065 derivativum.
2043 2006 2283 2065 Gravior
2324 2006 2701 2082 gravissimus
2738 2007 2986 2084 gravitas

395 2117 453 2168 et
490 2107 744 2186 gravida.
835 2107 974 2167 hine
1012 2116 1070 2168 et
1111 2105 1350 2184 grandis
1396 2115 1454 2167 et
1498 2107 1721 2184 grando
1765 2116 1826 2167 et
1868 2107 2106 2167 verbum
2152 2126 2347 2184 gravo,

565 2210 705 2286 lam
752 2227 900 2286 quae
946 2227 1082 2286 pars
1129 2209 1408 2269 orationis
1451 2207 1583 2268 est?
1628 2208 1996 2268 Adverbium.
2083 2209 2235 2278 Quid
2284 2217 2372 2268 est
2411 2206 2789 2269 adverbium?
2847 2229 2983 2288 pars
3021 2226 3090 2274 00

394 2310 677 2370 orationis
743 2329 891 2387 quae
951 2310 1176 2369 adiecta
1234 2310 1411 2370 verbo
1470 2311 1955 2387 significationem
2018 2312 2146 2371 eius
2200 2310 2471 2391 explanat
2526 2320 2700 2388 atque
2767 2311 2985 2390 implet.

397 2413 555 2482 Quot
597 2412 868 2471 accidunt
914 2410 1227 2472 adverbio?
1314 2412 1465 2472 Tria.
1547 2411 1754 2482 Quae?
1838 2412 2080 2491 Species
2125 2412 2472 2490 significatio
2519 2416 2718 2489 ligura.
2810 2413 2989 2473 Cuius

193 2579 202 2588 ,
257 2529 262 2534 ’
328 2523 490 2575 2oest
528 2513 787 2594 speciei?
845 2514 1202 2585 Primitivae,
1250 2512 1692 2590 significationis
1732 2513 2102 2593 temporalis,
2150 2516 2368 2592 figurae
2412 2515 2715 2595 simplicis.
2800 2515 2989 2584 Quem

398 2616 575 2676 habet
633 2613 984 2676 accentum?
1064 2615 1338 2685 Gravem,
1398 2610 1712 2675 ut'omnia
1773 2618 1896 2675 sere
1953 2616 2351 2694 monosyllaba
2408 2617 2831 2696 praepositiva,
2877 2617 2989 2677 uisi

398 2715 793 2799 dill'eIJrentiae
835 2717 980 2777 ratio
1026 2716 1363 2795 prohibeat,
1412 2722 1473 2775 ut
1519 2736 1625 2792 ne,
1671 2717 1906 2795 quando
1934 2712 2017 2794 μή
2047 2718 2364 2794 significat,
2406 2727 2710 2795 gravatum
2744 2703 2991 2795 quamdo

395 2841 533 2880 vero
577 2812 641 2879 τὸ
670 2814 849 2894 πάνυ,
893 2802 1389 2879 circumflectitur.
1463 2819 1580 2891 sie,
1623 2818 1856 2896 quando
1904 2819 2299 2880 similitudinis
2330 2828 2448 2892 est,
2494 2820 2990 2895 circumflectitur,

397 2922 632 2999 quando
663 2920 922 2993 iurandi,
972 2927 1273 2998 gravatur,
1320 2927 1380 2979 ut
1426 2920 1793 2997 Virgilius
1854 2920 1910 2980 in
1959 2920 2339 2980 bucolicis

328 3039 379 3077 25
705 3023 815 3084 sie
853 3031 970 3082 tua
1021 3023 1344 3099 Cyrneas
1390 3021 1680 3099 fugiant
1721 3022 2046 3082 examina
2096 3031 2327 3081 taxos.

569 3124 841 3184 Dudum
880 3142 1031 3200 quae
1069 3141 1206 3205 pars
1246 3123 1527 3183 orationis
1575 3122 1709 3183 est?
1775 3123 2124 3184 Adverbium
2174 3134 2265 3183 est
2308 3124 2605 3203 temporis.
2696 3132 2753 3183 et
2796 3126 2987 3185 scien·
3023 3142 3086 3193 91

397 3227 557 3299 dum,
596 3225 752 3302 quod
786 3232 1127 3300 utrumque,
1176 3224 1291 3284 hoc
1334 3236 1424 3286 est
1455 3226 1567 3285 iam
1613 3234 1671 3285 et
1714 3225 1965 3297 dudum,
2007 3245 2124 3286 non
2170 3225 2359 3285 solum
2396 3226 2468 3284 de
2501 3227 2814 3304 praeterito
2845 3236 2992 3287 tem-

398 3347 541 3408 pore
585 3327 798 3387 dieitur
843 3326 946 3386 sed
993 3326 1166 3386 etiam
1209 3326 1282 3386 de
1329 3328 1555 3400 future,
1601 3336 1665 3387 ut
1700 3328 2057 3388 in'secundo
2096 3326 2459 3387 Aeneidos
2501 3328 2678 3387 ‘iam
2722 3328 2862 3388 dud
2882 3348 2992 3389 um

400 3429 673 3490 sumite
720 3432 1055 3506 poenas’,
1097 3428 1392 3505 quomodo
1430 3429 1603 3488 etiam
1648 3430 1883 3506 quando
1924 3428 2235 3506 aliquando
2278 3428 2415 3487 olim
2464 3447 2758 3505 umquam.
2848 3431 2994 3490 haec

334 3543 387 3583 3⁰
408 3532 561 3590 euim
609 3530 803 3589 omnia
842 3537 958 3589 tam
1005 3530 1385 3608 praeteritum
1430 3548 1604 3607 quam
1651 3532 1907 3592 futurum
1956 3537 2206 3609 possunt
2248 3530 2598 3607 significare.
2689 3540 2747 3590 et
2787 3538 2997 3610 putant

400 3632 637 3710 quidam
676 3631 894 3692 dudum
940 3631 1106 3708 quasi
1161 3631 1260 3691 diu
1308 3632 1444 3692 dum
1493 3632 1636 3691 diei:
1692 3633 1838 3692 haee
1883 3632 2038 3692 enim
2084 3631 2330 3710 syllaba,
2378 3631 2433 3691 id
2482 3642 2567 3692 est
2617 3633 2786 3707 dum,
2846 3634 2997 3694 solet

403 3734 687 3813 expletiva
735 3733 1013 3804 inveniri,
1058 3742 1122 3793 ut
1168 3734 1408 3811 quidum
1447 3734 1696 3810 agedum
1739 3733 2042 3794 adesdum.

574 3835 848 3895 Saucia
912 3835 1046 3911 quid
1106 3834 1238 3895 est?
1315 3835 1560 3895 Nomen.
1664 3834 1892 3906 Quale?
1970 3834 2413 3913 Appellativum.
2496 3836 2675 3896 Cuius
2736 3833 2996 3915 speciei?

404 3935 763 3997 Derivativae
812 3936 934 3996 sive
977 3936 1380 4016 participialiS.
1472 3956 1607 3997 nam
1652 3957 1686 3997 a
1731 3935 2039 4016 participio
2085 3938 2385 3997 sauciatus
2431 3939 2693 3998 nascitur
2738 3938 2994 4011 saucius,

337 4051 387 4091 ³5
413 4037 704 4116 quomodo
749 4056 780 4096 a
828 4037 1080 4098 lassatus
1117 4038 1310 4099 lassus
1357 4047 1415 4099 et
1452 4058 1483 4099 a
1528 4038 1819 4100 laceratus
1864 4038 2095 4099 lacerus
2128 4037 2215 4099 vel
2253 4037 2264 4121 Ι
2304 4039 2486 4099 lacer:
2535 4038 2621 4099 sic
2652 4040 2805 4099 enim
2831 4040 2998 4099 Ovi-

405 4141 572 4201 dius
634 4139 692 4199 in
734 4146 898 4198 sexto
942 4140 1672 4220 metamorphoseon.

578 4244 769 4303 Cura
827 4241 966 4318 quid
1024 4239 1157 4302 est?
1241 4242 1486 4303 Nomen.
1568 4240 1798 4312 Quale?
1880 4242 2300 4323 Appellativum
2361 4240 2550 4321 ipsius
2617 4243 2735 4317 rei3
2801 4249 2997 4322 potest

545 4469 577 4516 5
623 4464 720 4513 hoe
767 4472 844 4512 est
891 4478 981 4513 om.
1024 4462 1109 4513 GS
1253 4462 1317 4513 16
1364 4472 1414 4513 et
1463 4464 1680 4529 gravida
1717 4491 1775 4499 —
1817 4462 2013 4527 grando
2053 4478 2145 4512 om.
2182 4463 2222 4512 S
2361 4472 2407 4511 et
2448 4464 2661 4529 grandis
2716 4472 2761 4511 et
2801 4464 2996 4529 grande

409 4537 450 4584 G
587 4536 648 4584 21
690 4542 742 4582 ut
775 4534 944 4582 onmia
978 4534 1348 4582 Lindemannus
1379 4542 1426 4582 et
1458 4535 1628 4582 omnia
1662 4532 1788 4583 CGS
1925 4534 1993 4582 24
2025 4535 2075 4581 in
2109 4530 2364 4598 bucolicis]
2403 4536 2451 4589 t),
2482 4533 2551 4583 30
2692 4535 2759 4581 25
2794 4535 2996 4584 eii-neus

407 4607 448 4655 C
484 4619 678 4667 grynea
719 4603 763 4650 G
800 4603 964 4667 griuei
1002 4604 1044 4651 S
1191 4603 1259 4651 28
1296 4605 1348 4651 in
1391 4604 1614 4651 secundo
1656 4600 1929 4667 Aeneidos]
1972 4620 2016 4652 v.
2061 4603 2157 4654 103
2334 4603 2401 4652 32
2439 4602 2686 4651 adesdum
2725 4604 2809 4652 CG
2843 4605 2997 4653 adeo-

407 4677 526 4723 dum
573 4673 614 4721 S
823 4672 891 4721 34
930 4673 1155 4721 nascitur
1191 4673 1306 4722 siue
1352 4673 1554 4722 saueius
1593 4673 1635 4721 C
1666 4674 1890 4721 nascitur
1936 4673 2045 4720 siue
2100 4687 2283 4721 sancus
2328 4672 2372 4720 G
2402 4672 2623 4721 nascitur
2663 4671 2687 4731 ιζ·
2729 4674 2934 4722 saucius
2959 4673 3002 4722 S

547 4744 616 4793 35
655 4744 852 4792 lacerus
890 4742 967 4790 uel
1014 4743 1147 4790 lacer
1182 4744 1224 4791 C
1259 4743 1455 4791 lacerus
1486 4744 1620 4791 lacer
1647 4745 1690 4793 G
1729 4744 1925 4791 lacerus
1963 4741 2299 4792 1⁹}acossusS
2423 4743 2497 4790 sic
2524 4767 2597 4777 —-
2633 4739 2703 4790 36
2727 4752 2999 4793 metamor-

407 4814 637 4880 phoseon
675 4828 767 4861 om.
806 4810 895 4860 SL
1037 4811 1105 4862 36
1135 4812 1185 4859 iu
1222 4824 1375 4861 sexto
1408 4808 1911 4877 metamorphoseon]
1952 4828 1998 4863 v.
2030 4813 2132 4863 562
2168 4826 2323 4876 saepe
2360 4825 2454 4861 sua
2491 4812 2713 4859 lacerum
2751 4814 3011 4878 repetisse·

407 4885 616 4933 libidine
652 4894 838 4944 corpus
