3576 5595
1423 481 1427 485 ‚
1498 389 1922 451 rnsssrxrio
2894 388 3017 449 397

415 571 497 636 de
542 571 944 656 ponderibus
990 583 1054 636 et
1096 583 1229 636 tres
1276 572 1425 636 libri
1471 575 1556 637 ad
1603 574 2091 659 Symmachum,
2136 574 2298 637 haec
2339 560 2560 655 igitur*
2588 573 2841 654 decimo
2879 593 3020 636 sae-

416 674 562 737 culo
616 673 861 759 scripta
917 683 1088 736 sunt.
1181 695 1328 736 nam
1376 674 1457 737 de
1503 686 1812 760 quattuor
1870 675 2130 738 schedis
2186 677 2583 753 105-108,
2661 695 2823 759 quas
2880 683 3017 736 tum

416 798 561 838 cum
619 775 909 838 codicem
965 775 1326 838 tractabam
1390 778 1743 862 antiquiori
1801 778 1970 862 parti
2028 798 2069 839 a
2123 798 2224 839 me
2280 774 2562 838 tributas
2610 796 2755 838 esse
2800 774 3018 856 vide0,

412 876 646 949 ‚dubito
704 897 880 938 nunc
935 897 1018 938 an
1074 876 1292 960 potius
1344 877 1427 940 ad
1485 879 1910 962 posteriorem
1962 880 2367 963 pertineant,
2427 875 2748 962 siquidem
2798 873 3018 938 Rufini

418 978 654 1041 librum
700 999 848 1039 cum
890 976 1212 1062 Eutychis
1257 977 1424 1041 libro
1465 981 1534 1041 in
1582 961 1921 1042 codicibus
1967 979 2280 1063 coniungi
2319 999 2446 1040 non
2488 978 2772 1043 memini.
2845 976 3017 1039 hunc

417 1080 617 1162 igitur
661 1077 949 1141 codicem
994 1087 1297 1141 accurate
1341 1081 1650 1165 scriptum
1700 1082 1794 1143 ita
1832 1090 2095 1143 secutus
2147 1103 2323 1157 sum,
2380 1088 2454 1143 ut
2493 1080 2631 1143 eius
2672 1079 3018 1143 auctorita·

418 1192 543 1242 tem
578 1201 707 1241 non
744 1178 1174 1265 relinquerem
1208 1181 1331 1244 nisi
1368 1182 1433 1242 in
1474 1182 1553 1244 iis
1589 1203 1756 1266 quae
1780 1191 2003 1268 aperte
2040 1189 2346 1267 corrupta
2377 1180 2479 1244 vel
2515 1200 2747 1243 manca
2777 1190 3015 1244 essent.

415 1301 807 1366 quamquam
846 1282 1019 1343 enim
1061 1282 1201 1344 eius
1245 1282 1632 1366 scripturam
1681 1283 1748 1345 in
1796 1306 1920 1347 non
1966 1281 2163 1345 nullis
2210 1281 2371 1345 locis
2409 1282 2682 1346 aliorum
2720 1283 3017 1346 codicum

414 1383 804 1445 auctoritate
852 1381 1184 1444 emendari
1229 1383 1333 1447 vel
1382 1384 1671 1468 suppleri
1721 1384 2013 1469 potuisse
2056 1383 2377 1461 concede,
2442 1392 2660 1446 tamen
2706 1385 3017 1447 maiorem

416 1507 636 1547 curam
684 1483 834 1547 huic
894 1481 1120 1548 libello
1180 1484 1534 1569 inpendere
1581 1483 1790 1561 nolui,
1860 1487 2238 1571 praesertim
2286 1506 2432 1547 cum
2495 1483 2577 1546 de
2627 1484 2784 1567 illis,
2851 1507 3016 1571 quae

418 1587 485 1649 in
524 1585 715 1648 editis
753 1584 1240 1670 exemplaribus
1272 1594 1520 1662 mutata
1551 1595 1724 1665 sunt,
1759 1607 1983 1649 omnes
2014 1586 2274 1650 codices
2306 1586 2675 1650 consentire
2703 1586 3016 1651 viderem.

417 1689 636 1773 itaque
662 1685 782 1750 hoc
808 1708 937 1748 uno
964 1685 1128 1749 duce
1156 1696 1499 1750 contentus
1534 1708 1615 1748 ex
1655 1688 1849 1751 editis
1880 1687 2387 1774 exemplaribuS,
2420 1709 2455 1750 e
2491 1685 2727 1772 quibus
2757 1669 3020 1773 praeter

414 1789 776 1875 principem
823 1786 1173 1850 editionem
1220 1788 1486 1851 adhibui
1532 1787 2009 1853 Ascensianam
2065 1799 2128 1852 et
2170 1788 2513 1871 Aldinam,
2568 1809 2646 1851 ea
2696 1810 2865 1874 quae
2909 1789 3015 1853 vel

417 1898 592 1953 recte
638 1888 981 1951 emendata
1025 1889 1128 1952 vel
1178 1889 1379 1974 digna
1422 1911 1566 1954 esse
1623 1893 1935 1955 memoria
1977 1891 2373 1955 videbantur
2415 1891 2751 1953 adnotavi.
2835 1910 3018 1974 prae—

416 2000 595 2053 terea
640 1991 708 2052 in
750 1989 830 2051 iis
875 2011 1043 2073 quae
1088 2011 1174 2053 ex
1197 1989 1484 2054 Terentii
1522 2002 1585 2054 et
1603 1989 1899 2055 Sallustii
1947 1992 2133 2056 libris
2179 1991 2513 2078 adscripta
2557 2001 2710 2054 sunt
2739 2015 2803 2076 p.
2839 1995 3017 2073 1317,

417 2093 483 2154 in
523 2092 761 2176 quibus
804 2090 1025 2175 paullo
1068 2093 1410 2158 certiorem
1457 2102 1521 2154 et
1564 2092 1943 2178 ampliorem
1989 2095 2286 2158 codicum
2332 2095 2707 2157 memoriam
2764 2092 3018 2159 deside—

417 2194 549 2255 rari
604 2214 796 2276 posse
853 2191 1346 2276 intellegebam,
1419 2194 1739 2278 integram
1807 2195 2315 2281 discrepantiam
2375 2194 2649 2259 duorum
2716 2194 3014 2258 codicum

416 2293 863 2358 Parisinorum
898 2295 1063 2356 7559
1098 2304 1162 2357 ct
1198 2299 1364 2358 7560
1396 2294 1702 2380 adposui,
1747 2318 2019 2382 quorum
2063 2297 2372 2361 librorum
2420 2296 2715 2383 superior
2754 2294 3017 2360 saeculo

418 2396 668 2459 decimo
717 2395 996 2479 scriptus
1028 2404 1171 2481 Uest,
1215 2398 1538 2482 posterior
1582 2397 1956 2463 undecimo.
2947 2471 2952 2474 .

590 2496 897 2582 Sequitur
938 2505 1010 2560 ut
1053 2497 1132 2560 de
1178 2499 1779 2582 partitionibus
1823 2500 2242 2564 duodecim
2293 2521 2672 2564 versuum
2718 2501 3019 2564 Aenei-

417 2601 557 2663 dos
617 2598 890 2661 dicatur.
982 2600 1049 2661 in
1106 2620 1233 2690 quo
1286 2597 1454 2662 libro
1507 2599 1886 2665 Priscianus
1945 2611 2137 2665 vetus
2191 2603 2557 2666 institutum
2616 2603 3018 2667 Graecorum

417 2701 989 2785 grammaticorum
1036 2699 1325 2762 imitatus
1371 2711 1498 2783 est,
1547 2702 1722 2788 quod
1765 2704 1919 2766 olim
1965 2698 2315 2785 μερισμόν,
2364 2712 2594 2789 postea
2638 2704 2837 2787 vulgo
2882 2701 3016 2766 ἐπι-

415 2793 746 2883 μερισμόν
789 2801 1032 2864 dictum
1080 2822 1224 2863 esse
1268 2801 1492 2866 docuit
1535 2803 1852 2867 Lehrsius
1895 2815 2044 2890 post
2091 2803 2454 2868 Herodiani
2509 2807 2753 2891 scripta
2804 2807 2934 2869 tria
2979 2827 3019 2868 a

417 2927 485 2967 sc
538 2904 714 2966 edita
762 2923 826 2986 p.
873 2904 997 2963 416
1034 2922 1175 2985 sqq.
1267 2901 1562 2965 solebant
1609 2906 1782 2967 enim
1829 2905 1925 2969 illi
1972 2928 2083 2969 eos
2137 2906 2250 2991 qui
2294 2907 2582 2992 ipsorum
2630 2905 3019 2992 disciplinae

418 3005 643 3068 traditi
703 3010 888 3065 erant
944 3002 1037 3063 ita
1093 3023 1436 3084 exercere,
1501 3014 1574 3067 ut
1630 3008 1962 3091 proposito
2016 3005 2237 3092 aliquo
2286 3029 2482 3071 versu
2535 3007 2642 3071 vel
2692 3006 3019 3070 sententia

416 3105 757 3191 scriptoris
811 3124 929 3188 per
988 3103 1565 3188 interrogationem
1634 3117 1698 3169 et
1763 3109 2253 3193 responsionem
2321 3128 2465 3170 cum
2523 3107 2605 3170 de
2673 3107 3017 3171 scansione

416 3229 646 3272 versus
693 3216 827 3268 tum
875 3204 955 3267 de
999 3203 1275 3288 singulis
1332 3205 1670 3270 vocabulis
1729 3210 1869 3272 eius
1930 3230 2161 3273 versus
2215 3208 2320 3274 vel
2364 3209 2729 3272 sentcntiae
2770 3210 3016 3295 praeci·

414 3318 645 3397 perent
687 3316 753 3371 et
798 3305 911 3392 qui
956 3315 1176 3370 essent
1226 3306 1427 3391 pedes
1472 3330 1730 3391 versus,
1776 3332 1943 3395 quae
1975 3321 2194 3396 partes
2225 3310 2568 3393 orationis,
2616 3309 2774 3396 quid
2823 3310 3016 3373 unius

416 3411 729 3494 cuiusque
776 3407 981 3493 partis
1028 3408 1361 3492 proprium
1409 3419 1617 3490 esset,
1677 3411 1838 3495 quid
1888 3412 2249 3495 accideret,
2308 3422 2373 3475 et
2418 3411 2636 3497 siquid
2679 3411 2860 3475 aliud
2899 3434 3016 3497 per

417 3511 612 3575 talem
660 3511 1068 3573 occasionem
1114 3532 1242 3573 non
1281 3511 1685 3576 incommode
1731 3534 1801 3577 se
1853 3513 2227 3599 praeberet,
2283 3535 2365 3577 ex
2425 3512 2765 3599 discipulis
2821 3535 3016 3598 quae-

416 3622 654 3677 rerent.
745 3612 906 3674 satis
950 3613 1221 3697 antiquo
1267 3623 1480 3676 autem
1525 3621 1820 3701 tempore
1861 3637 2002 3678 eam
2035 3615 2576 3697 consuetudinem
2610 3614 3013 3677 increbuisse

414 3738 498 3779 ex
570 3716 651 3779 iis
717 3714 1020 3800 adparet,
1091 3713 1328 3799 quibus
1396 3715 1637 3780 Sextus
1702 3716 2075 3801 Empiricus
2145 3716 2297 3780 adv.
2362 3738 2636 3802 gramm.
2694 3714 2727 3777 l
2786 3720 2822 3777 7
2871 3738 3011 3802 sqq.

411 3827 618 3881 totum
662 3816 786 3880 hoc
831 3836 1038 3900 genus
1083 3826 1386 3881 accurate
1425 3818 1805 3904 descripsit,
1852 3819 2036 3882 cuius
2076 3819 2282 3883 verba
2312 3817 2662 3903 adscripsit
2694 3816 3012 3881 Lehrsius

413 3941 476 4004 p.
525 3921 670 3983 424.
762 3916 876 3982 sed
937 3925 1283 4003 postquam
1334 3917 1447 3982 diu
1503 3920 1571 3982 in
1622 3919 1864 3984 scholis
1910 3922 2481 4005 grammaticorum
2529 3918 2688 3983 haec
2735 3918 3014 3983 docendi

414 4022 579 4085 ratio
627 4020 987 4084 exercitata
1033 4030 1166 4101 cst,
1239 4018 1473 4083 litteris
1517 4020 1677 4084 haec
1722 4021 2037 4085 mandare
2079 4036 2140 4084 ct
2184 4019 2386 4085 libros
2444 4020 2733 4084 scribere
2786 4041 3014 4107 coepe-

413 4130 595 4203 runt,
654 4143 926 4207 quorum
985 4119 1150 4183 alios
1199 4120 1391 4206 plane
1437 4121 1616 4185 illam
1662 4123 2197 4187 exercitationem
2243 4120 2700 4185 scholasticam
2747 4143 3014 4207 expres-

415 4224 579 4287 sisse
624 4222 964 4309 probabile
1010 4231 1143 4304 est,
1202 4222 1312 4287 alii
1371 4245 1449 4286 ea
1506 4235 1885 4309 praccepta,
1947 4245 2115 4310 quae
2168 4223 2319 4287 huic
2364 4223 2458 4286 rei
2501 4222 2689 4285 utilia
2731 4244 2875 4287 esse
2917 4224 3012 4290 vi-

414 4324 768 4406 debantur,
816 4324 1102 4389 breviter
1133 4333 1633 4410 conposuerunt.
1709 4324 2031 4388 hinc·nati
2076 4335 2229 4388 sunt
2266 4324 2419 4388 libri
2464 4332 2760 4388 extrema
2797 4333 3012 4390 aetate

413 4426 640 4513 scripti
686 4436 749 4489 et
797 4426 1026 4490 ordine
1071 4426 1431 4490 litterarum
1486 4427 1813 4510 congesti,
1881 4428 1992 4513 qui
2039 4447 2211 4491 nunc
2255 4425 2707 4507 ἐπιμερισμῶυ
2750 4430 3012 4493 nomine

414 4528 713 4614 inscripti
756 4528 1077 4593 feruntur.
1168 4529 1341 4592 hunc
1381 4529 1582 4615 igitur
1627 4527 2028 4594 Graecorum
2073 4548 2317 4591 morem
2361 4526 2650 4590 imitatus
2695 4537 2796 4592 est
2839 4528 3013 4594 Pris-

413 4629 664 4692 cianus.
755 4639 952 4716 atque
997 4638 1068 4693 ut
1110 4630 1206 4694 illi
1251 4626 1321 4694 in'
1365 4631 1659 4694 instituto
1703 4651 1819 4694 suo
1862 4628 1947 4693 ab
1986 4628 2272 4694 Homero
2315 4626 2644 4714 proficisci
2693 4630 3036 4716 solebant,·

415 4729 506 4792 ita
545 4728 825 4794 Latinus
869 4733 1334 4815 grammaticus
1382 4755 1505 4796 non
1551 4740 1806 4817 poterat
1849 4753 1978 4793 non
2026 4754 2067 4794 a
2109 4730 2433 4815 Vergilio,
2499 4732 2565 4794 in
2624 4753 2753 4818 quo
2802 4735 3014 4799 omnis

412 4830 780 4895 scholarum
827 4834 1150 4900 institutio
1186 4835 1602 4916 versabatur,
1649 4833 1981 4897 materiem
2016 4834 2435 4919 partitionum
2473 4854 2736 4898 suarum
2769 4846 3013 4923 petere.
