3576 5595
820 1361 1692 1461 CORRIGENDA
1755 1366 1925 1461 ΕΤ
1983 1363 2655 1462 ADDENDA.

456 1739 568 1791 vol.
599 1742 615 1790 1
653 1739 814 1805 praef.
842 1755 891 1805 p.
916 1740 1051 1790 VIIII
1080 1738 1221 1800 add„
1249 1740 1385 1801 quod
1408 1741 1471 1791 ab
1504 1741 1715 1789 ilenrico

522 1826 681 1876 Keilio
713 1836 881 1877 nostro
912 1827 1140 1892 corporis
1173 1826 1324 1875 huius
1357 1842 1571 1892 gramm.
1601 1825 1711 1879 Lat.

522 1915 623 1964 vol.
670 1915 687 1961 l
761 1928 813 1978 p.
872 1913 1039 1963 XXIII
1089 1922 1347 1974 narratur,
1393 1914 1522 1961 iuter
1562 1913 1708 1962 codd.

525 2001 815 2049 monasterii
848 1998 1163 2079 Centttlfnsis
1202 2015 1247 2048 a.
1270 1999 1367 2050 831
1397 2001 1712 2049 Prisciauum

523 2087 786 2136 nominari.

452 2189 501 2239 p.
532 2174 577 2223 x
612 2175 729 2223 adn.
766 2172 834 2224 36
860 2172 923 2221 or.
950 2172 1012 2222 n.
1044 2154 1262 2222 sentum
1294 2171 1326 2219 1.
1363 2170 1396 2220 t.
1422 2186 1472 2236 p.
1498 2170 1714 2226 xxxm

522 2261 714 2308 ibidem
750 2261 867 2309 adn.
897 2261 964 2309 42
1001 2258 1118 2307 add.
1161 2258 1240 2305 ‘in
1273 2256 1389 2304 aliis
1427 2256 1713 2320 dep'eaturi'

519 2363 548 2394 r
594 2347 679 2396 tib.
730 2347 895 2396 xvttl
942 2347 973 2408 s
1028 2344 1156 2405 1133

521 2435 961 2497 interpretamento
1010 2429 1205 2480 ‘ideas’
1244 2438 1338 2478 ete.
1379 2432 1555 2478 eadem
1596 2445 1716 2494 pag.

524 2519 720 2584 prolato
747 2518 813 2567 cI'.
835 2517 964 2566 Guil.
991 2511 1262 2565 Clu-fitium
1291 2523 1430 2563 nunt.
1450 2517 1500 2567 d.
1521 2515 1716 2564 Monac.

523 2605 653 2656 1857
690 2603 975 2669 120‚1t36;
1017 2603 1080 2651 de
1115 2601 1263 2651 codd.
1296 2602 1344 2650 P
1370 2609 1416 2652 et
1441 2603 1499 2652 H
1531 2601 1714 2668 (p.x1

517 2708 594 2754 sq.
626 2692 788 2741 XVIII
819 2705 875 2753 sq
903 2689 921 2752 )
961 2690 1121 2755 pretio
1151 2688 1467 2739 aestimando
1499 2689 1712 2739 eundem

518 2778 641 2828 ibid.
687 2777 751 2829 19
787 2793 887 2840 sq,
928 2776 1026 2828 15ss
1063 2791 1173 2839 sqq.

352 2878 358 2883 ·
444 2881 495 2929 p.
523 2865 593 2915 x1
619 2865 736 2915 adn.
760 2864 1148 2927 46·Fridegartts
1173 2861 1388 2921 Munius,
1412 2869 1463 2909 nt
1485 2852 1712 2925 σφάλμα

512 2966 541 2999 a
562 2965 616 2999 se
638 2951 966 3000 commissum
993 2949 1364 3012 quodammodo
1385 2956 1625 3007 tueretur,
1660 2950 1707 2996 in

510 3052 627 3088 ann.
666 3036 740 3090 lit.
793 3037 1023 3085 Heidelb.
1071 3052 1117 3085 a.
1162 3035 1292 3085 1855
1341 3047 1391 3097 p.
1418 3033 1519 3084 538
1558 3034 1705 3086 codd.

508 3133 629 3173 vett.
670 3139 882 3189 gramm.
930 3122 1063 3171 Latt.
1121 3129 1440 3186 pet-vetustos
1490 3120 1619 3168 duos
1657 3120 1706 3169 in

507 3210 631 3263 bibl.
679 3210 970 3259 monasterii
1026 3208 1079 3260 S.
1135 3207 1278 3257 Pauli
1331 3208 1382 3255 in
1446 3206 1707 3255 carinthia

508 3298 703 3346 servari
744 3296 906 3354 dixit,
955 3309 1170 3357 quorum
1218 3293 1342 3342 alter
1394 3293 1520 3341 Irica
1568 3308 1701 3341 saec.

508 3384 619 3432 vttt
642 3398 791 3432 mauu
814 3384 1036 3444 scriptus
1058 3381 1373 3429 Priscianum
1398 3380 1697 3427 contineret:

506 3470 558 3519 id
591 3471 658 3518 ita
697 3446 809 3517 sese
848 3468 1034 3516 habere
1074 3481 1320 3532 pernego,
1360 3465 1520 3513 donec
1551 3467 1702 3513 certis

505 3556 822 3621 argumentis
860 3553 1244 3617 comprobatum
1286 3552 1452 3600 suerit.
1518 3553 1704 3601 ert-oris

506 3659 682 3692 ansam
718 3641 883 3701 dedit,
923 3640 1056 3702 quod
1096 3654 1227 3688 unus
1264 3638 1349 3687 ille
1387 3637 1528 3687 solus
1564 3639 1701 3700 cod.‚

506 3730 569 3778 de
620 3744 721 3791 quo
768 3740 887 3775 mox
935 3727 1219 3775 accuratius
1277 3725 1547 3774 dicendum
1610 3726 1704 3773 erit

404 3860 417 3880 ,
507 3816 689 3879 Keilio,
727 3816 775 3862 in
810 3813 970 3861 I'route
998 3816 1065 3862 m'.
1103 3827 1200 3860 rec.
1230 3811 1527 3875 inscriptum
1553 3809 1703 3859 habet

506 3917 688 3951 nomen
737 3900 1005 3951 Prisciani.
1066 3906 1116 3946 at
1154 3897 1287 3945 hunc
1323 3911 1545 3946 errorem
1582 3911 1699 3946 con-

503 3989 630 4038 fiteri
683 3989 850 4052 potius
888 4000 1036 4048 quam
1076 3985 1221 4033 novis
1259 3986 1586 4053 commentis,
1628 3985 1703 4032 iu-

504 4076 703 4123 curiosa
753 4075 972 4137 quadam
1023 4071 1325 4128 sedulitate,
1379 4080 1431 4119 ut
1482 4070 1700 4129 videtur,

505 4162 628 4208 ortis
668 4175 855 4226 augere
898 4159 1112 4207 debebat
1151 4157 1367 4206 Monius.

438 4262 485 4310 p.
510 4246 602 4295 XII
625 4247 741 4295 adn.
766 4246 834 4295 48
855 4245 972 4294 add.
994 4244 1210 4294 Keilium
1246 4244 1279 4292 Ι.
1302 4243 1337 4296 1.
1362 4257 1413 4307 p.
1439 4241 1603 4291 XVIII
1626 4257 1700 4305 sq.

440 4347 489 4395 p,
520 4332 661 4381 xvtt
727 4333 844 4384 adn.
902 4332 968 4380 75
1030 4332 1148 4380 add.

474 4418 591 4465 ‘die
638 4417 1012 4483 Congregation
1069 4418 1159 4466 der
1190 4415 1624 4466 Scltottenkloster
1652 4417 1702 4463 in

508 4502 880 4553 Deutscltland:
905 4502 1152 4556 Zeits'chr,
1173 4503 1217 4552 f.
1254 4503 1443 4552 christi.
1471 4502 1704 4552 Arohfio·

510 4587 645 4652 logie
682 4605 732 4638 u.
770 4590 929 4639 Kunst
966 4592 985 4638 I
1019 4590 1081 4639 21
1129 4605 1239 4650 sqq.
1275 4590 1343 4641 49
1379 4604 1495 4651 sqq.

442 4687 492 4736 p.
512 4672 677 4722 xvtlt
728 4675 875 4735 codd.
919 4676 1279 4725 vetustissimis
1312 4676 1577 4733 Prisciani,
1615 4675 1700 4738 qui

513 4762 819 4808 accuratiore
867 4762 1193 4825 indagatione
1231 4770 1397 4825 egent,
1459 4761 1703 4810 adnume-

515 4846 703 4891 randus
749 4852 824 4892 est
870 4848 979 4895 cod.
1022 4845 1151 4893 bibl.
1204 4846 1345 4909 publ.
1386 4848 1702 4896 Valentinia-

517 4929 691 4978 nensis
728 4927 769 4975 N
796 4931 847 4990 2,
880 4931 945 4982 23
983 4945 1118 4979 saec.
1161 4929 1228 4977 tx
1266 4946 1310 4980 v.
1336 4932 1702 4982 Bethmannum

1220 2344 1284 2392 de
1331 2344 1559 2392 eiusdem
1603 2342 1718 2392 cod.

1225 4329 1311 4379 W.
1364 4328 1701 4378 NVatteubach
1719 4320 1726 4327 ’

1858 1741 1903 1787 in
1945 1738 2122 1788 Pertzii
2161 1737 2414 1789 tabulario
2471 1738 2590 1788 hist.
2632 1744 2733 1791 vet.
2772 1738 2938 1789 Germ.
2979 1740 3055 1788 in-

1856 1826 1976 1891 dag.
2029 1825 2101 1874 XI
2155 1826 2283 1886 5203
2353 1827 2467 1878 cod.
2524 1825 2649 1877 bibl.
2722 1826 2845 1889 imp.
2891 1825 3052 1877 Paris.

1856 1911 2026 1976 suppl.
2068 1911 2170 1962 625
2208 1910 2365 1962 libros
2411 1914 2529 1964 inst.
2568 1926 2784 1977 gramm.
2829 1912 3050 1960 sedecim

1853 2000 2053 2061 priores
2092 1999 2426 2047 continentem
2458 2000 2660 2063 magnis
2698 1998 2936 2048 laudibus
2962 2013 3050 2046 ex-

1858 2083 1987 2133 tollit
2053 2084 2481 2151 Darembergins,
2544 2085 2770 2135 medicus
2828 2095 3051 2133 veterum
3143 2113 3156 2124 .

1859 2169 2113 2219 literarum
2140 2186 2268 2234 quae
2296 2172 2361 2220 ad
2387 2172 2509 2233 artis
2539 2171 2766 2220 medicae
2789 2170 3052 2220 historiam

1859 2266 2084 2321 spectant
2125 2258 2468 2323 peritissimus
2517 2259 2650 2316 (rev.
2689 2257 2752 2306 de
2800 2257 3054 2305 l'instruc-

1859 2344 1962 2391 tion
1998 2342 2138 2407 publ.
2187 2343 2338 2403 1858,
2379 2343 2521 2393 Avril
2554 2344 2605 2404 8,
2646 2358 2698 2407 p.
2731 2345 2841 2404 2⁴),
2882 2359 2939 2391 ac
2974 2359 3054 2392 me

1860 2430 2138 2494 vituperat,
2200 2433 2335 2492 quod
2397 2445 2511 2479 eum
2569 2432 2620 2478 iu
2669 2432 2910 2479 auxilium
2953 2445 3051 2480 non

1863 2520 2174 2566 tocaverim:
2216 2525 2265 2564 at
2299 2515 2425 2565 mihi
2462 2517 2664 2580 quidem
2692 2517 2901 2567 Parisiis
2927 2517 3049 2566 olim

1857 2605 2186 2653 commoranti
2243 2603 2389 2652 codd.
2445 2604 2909 2668 supplementum,
2965 2605 3052 2666 qui

1855 2689 2107 2746 dicuntur,
2137 2698 2186 2738 ut
2214 2689 2514 2754 inspicerem
2539 2687 2594 2740 C.
2617 2688 2671 2738 B.
2694 2689 2829 2739 Hasii
2854 2704 3052 2738 summa

1855 2775 2153 2826 liberalitate
2174 2776 2413 2841 contigit;
2452 2790 2548 2841 ego
2576 2791 2692 2825 vcro
2713 2791 2774 2826 ex
2796 2777 3050 2826 ditissima

1857 2871 1924 2911 tot
1940 2863 2354 2914 bibliothecarum
2374 2879 2401 2911 a
2429 2879 2505 2912 me
2521 2863 2897 2928 exploraturum
2917 2878 3048 2928 penu

1855 2947 2139 2996 l‘riscianea
2175 2965 2262 2998 eos
2300 2959 2488 2999 tantum
2527 2951 2681 3000 libros
2710 2950 3049 2999 conferendos

1852 3033 1973 3081 mihi
2013 3037 2228 3100 sumpsi,
2264 3037 2350 3098 qui
2410 3036 2486 3085 vel
2527 3036 2590 3085 ad
2640 3037 2809 3102 ipsum
2853 3020 3046 3084 tex'tum

1851 3120 2222 3169 emendandum
2266 3122 2341 3171 vel
2381 3124 2445 3171 ad
2468 3122 2730 3173 historiam
2760 3125 2868 3171 eius
2904 3122 3047 3171 illus-

1850 3208 2078 3256 trandam
2107 3215 2278 3258 essent
2304 3210 2626 3274 gratissimi:
2665 3222 2724 3259 eo
2750 3209 2865 3261 cod.
2897 3208 3039 3258 illum

1849 3309 1878 3341 a
1914 3292 2277 3359 Darentbergio
2329 3304 2594 3359 tantopere
2640 3296 3047 3344 commendatum

1846 3395 1944 3428 non
1991 3381 2238 3444 pertinere
2289 3381 2417 3430 libro
2467 3383 2648 3431 iterum
2689 3390 2923 3431 accurate
2972 3383 3048 3429 iu-

1843 3473 2014 3531 specto
2047 3483 2124 3516 me
2146 3469 2316 3517 docuit
2343 3470 2705 3532 grammaticus
2740 3471 2863 3519 artis
2878 3484 3048 3534 gram-

1848 3554 2063 3602 maticae
2090 3564 2137 3601 et
2164 3555 2368 3603 criticae
2390 3556 2730 3619 peritissimus
2751 3556 2807 3604 H.
2829 3555 3040 3605 KeiliuS.

1774 3654 1825 3703 p.
1845 3638 1963 3688 XX.
1992 3638 2109 3689 xx!
2140 3657 2217 3702 sq.
2238 3640 2479 3689 lectiones
2504 3642 2552 3690 in
2581 3651 2805 3691 veterum
2833 3643 3047 3706 scripto-

1843 3740 1952 3773 rum
1991 3725 2113 3774 locis
2158 3728 2376 3775 citandis
2424 3727 2719 3776 emendatas
2780 3743 2939 3790 aeque
2987 3743 3046 3776 ac

1846 3811 2246 3861 Caroliruhensis
2276 3814 2402 3862 alter
2432 3822 2482 3862 et
2507 3813 2867 3862 Wallrassanus
2899 3830 3044 3878 prae-

1845 3897 1927 3947 bet
1981 3898 2396 3949 vindobonensis
2456 3898 2779 3949 CCCXLVIII
2838 3899 2924 3962 (N)
2975 3900 3041 3947 rs.

1843 3984 1994 4032 modo
2032 4002 2080 4032 v.
2105 3985 2138 4033 l.
2179 3987 2242 4034 ad
2275 3987 2364 4035 lib.
2393 3985 2535 4035 xvtt
2562 3988 2592 4047 S
2618 3988 2685 4036 45
2714 3985 2876 4035 XVIII
2900 3991 2928 4046 5
2956 3987 3039 4035 70.

1845 4070 1965 4123 230.
1999 4070 2120 4123 260.
2153 4072 2274 4122 275.
2306 4072 2426 4123 278.
2450 4074 2568 4125 289.
2599 4072 2719 4122 300.
2752 4070 2874 4133 303,
2913 4086 3043 4135 quae

1846 4158 2016 4206 omnia
2055 4158 2181 4207 mihi
2219 4160 2385 4208 minus
2426 4159 2733 4207 recensionis
2770 4159 3044 4223 primariae

1845 4259 1994 4306 quam
2060 4245 2429 4295 emendationis
2501 4245 2766 4293 cuiusdam
2826 4246 3043 4308 vestigia

1846 4331 2102 4381 continere
2141 4333 2391 4383 videntur.

1775 4431 1827 4481 p.
1851 4415 1968 4465 XXI
2010 4418 2130 4468 adn.
2159 4419 2247 4468 tin.
2277 4417 2299 4466 l
2339 4418 2438 4483 leg.
2468 4416 2773 4466 Wiltheimii
2804 4433 2854 4481 p.
2877 4415 3041 4466 XXIII

1846 4502 1935 4550 tin.
1974 4503 2005 4551 7
2044 4502 2372 4575 soqteianam
2428 4519 2478 4568 p.
2516 4486 2704 4552 xxnn
2739 4503 2825 4552 nn.
2861 4505 2928 4554 26
2967 4506 3043 4551 su-
3081 4570 3086 4573 Ἦ

1793 4570 1802 4576 “
1846 4589 1982 4638 dicio
2018 4606 2071 4655 p.
2107 4590 2276 4640 XXVI
2321 4591 2436 4639 adn.
2473 4589 2559 4639 lin.
2605 4589 2628 4639 l
2677 4588 3042 4639 Grammaticae

1844 4675 2075 4725 Latinae.

1776 4778 1826 4826 p.
1853 4761 2093 4810 XXVIIII
2129 4762 2313 4811 studiis
2340 4761 2420 4811 his
2447 4762 2750 4811 Priscianeis
2778 4761 2897 4810 addi
2921 4776 3042 4826 pos·

1845 4857 1962 4897 sunt
1993 4857 2193 4913 praeter
2228 4865 2286 4898 ea
2327 4864 2455 4910 quae
2493 4846 2743 4898 Baehrius
2778 4846 2942 4896 attulit
2977 4847 3042 4896 de

1843 4934 2101 4984 literarum
2149 4935 2335 4984 studiis
2384 4950 2413 4983 a
2451 4933 2630 4985 Carolo
2681 4933 2746 4985 M.
2788 4934 3042 4982 revocatis
