3576 5595
510 397 633 457 454
1616 395 1986 457 PntsctANt

616 525 659 565 ρ.
691 512 802 555 1³15.
835 511 881 552 ιο
911 511 957 552 P.
2669 523 2709 560 p.
2744 509 2831 548 ιιι.
2860 509 2913 548 τοι
2940 509 2994 549 κ.

514 602 612 644 ιιιιι
662 583 940 644 desinens
981 589 1037 642 et
1083 580 1321 641 verbum
1368 581 1483 654 ire,
1526 590 1590 641 ut
1635 589 1892 641 amatum
1939 578 2050 654 ire,
2093 582 2327 663 doctum
2373 582 2488 652 ire,
2534 580 2748 641 lectum
2782 580 2893 651 ire,
2936 580 3100 640 audi-

519 693 638 746 tum
690 684 805 754 ire,
851 683 937 743 vel
984 703 1089 762 per
1131 683 1503 762 participium
1548 685 1805 744 futurum
1854 694 2124 744 nentrum
2171 693 2228 744 et
2265 703 2431 754 esse,
2473 690 2534 743 ut
2575 689 2904 742 amaturum
2944 701 3096 752 esse,

515 787 822 846 docturum
865 804 1027 856 esse,
1075 784 1360 862 lecturum
1408 805 1571 857 esse,
1619 784 1951 845 auditurum
1995 805 2145 844 esse.

689 887 1071 966 Participialia
1117 885 1204 945 vel
1248 886 1489 965 supina,
1536 906 1685 965 quae
1729 896 1851 946 tres
1896 905 2071 946 casus
2118 887 2385 948 videntur
2438 886 2655 946 habere
2710 893 2764 944 et
2821 884 2951 944 loco
3011 883 3099 944 in·

516 989 717 1051 finitivi
761 1007 893 1048 cum
954 987 1197 1048 articulo
1239 986 1532 1050 coniuncti
1578 988 1729 1067 apud
1781 988 2035 1047 Graecos
2082 989 2480 1068 accipiuntur,
2531 995 2856 1048 nascuntur
2893 1007 2925 1046 a
2965 1006 3099 1066 par·
3145 1010 3169 1045 a

521 1091 720 1169 ticipio
771 1090 1100 1169 praesentis
1145 1090 1425 1168 temporis
1475 1110 1504 1150 s
1548 1091 1604 1150 in
1665 1090 1700 1148 d
1747 1109 2027 1149 conversa
2075 1100 2129 1149 et
2176 1090 2367 1150 addita
2418 1091 2434 1149 i
2481 1090 2566 1149 rel
2616 1109 2651 1149 ο
2707 1089 2793 1148 vel
2850 1107 2978 1160 um,
3036 1098 3099 1148 ut

417 1202 486 1252 58
523 1212 727 1254 amans
765 1190 996 1252 amandi
1042 1192 1290 1252 amando
1328 1193 1660 1252 amandum.
1752 1201 1891 1252 sunt
1926 1201 1984 1251 et
2031 1191 2140 1252 alia
2187 1192 2332 1265 duo,
2380 1211 2527 1268 quae
2572 1190 2643 1251 ad
2682 1191 2927 1250 sormam
2967 1210 3103 1268 par-

519 1294 700 1373 ticipii
750 1292 1043 1372 praeteriti
1090 1294 1371 1373 temporis
1412 1293 1687 1353 desinunt
1731 1293 1786 1351 in
1834 1313 1930 1352 um
1965 1294 2050 1353 vel
2096 1295 2152 1354 in
2202 1314 2270 1366 ιι,
2318 1302 2381 1353 ιιι
2423 1300 2676 1352 amatum
2721 1283 2935 1352 amatu.
2996 1293 3099 1352 sed

519 1397 632 1456 hoc
690 1397 935 1458 interest
987 1396 1140 1454 inter
1194 1394 1504 1456 amandum
1559 1403 1615 1453 et
1669 1395 1917 1454 amando
1963 1405 2019 1455 et
2074 1396 2227 1456 inter
2267 1404 2522 1455 amatum
2570 1402 2627 1453 et
2671 1403 2899 1483 amatu,
2943 1396 3099 1472 quod

520 1499 828 1558 amandum
880 1497 1286 1557 necessitatem
1332 1497 1548 1557 amoris
1595 1496 1912 1573 significat,
1956 1508 2206 1558 amatum
2246 1504 2440 1557 autem
2487 1497 2725 1556 itionem
2764 1495 2837 1556 ad
2882 1515 3097 1557 amare.
3124 1514 3172 1552 ιο

417 1609 489 1660 59
526 1598 791 1659 similiter
821 1610 912 1658 est
941 1606 996 1657 et
1026 1598 1275 1658 amando
1299 1598 1355 1657 in
1382 1599 1510 1677 ipso
1541 1616 1758 1669 amore,
1784 1607 1978 1658 amatu
2013 1600 2163 1658 rere
2180 1618 2283 1677 pro
2315 1598 2606 1658 amatione
2633 1597 2718 1657 vel
2748 1617 2854 1677 pro
2880 1618 3101 1672 amore,

522 1701 576 1760 id
625 1708 716 1759 est
759 1719 865 1779 pro
912 1700 1036 1778 ipsa
1076 1719 1170 1772 re,
1209 1700 1511 1778 accipitur.
1601 1707 1658 1758 et
1697 1697 1705 1779 Ι
1746 1700 1891 1760 hacc
1938 1700 2271 1760 manifestat
2309 1701 2481 1760 etiam
2527 1700 2654 1779 ipsa
2701 1699 3101 1779 interpretatio

523 1802 774 1874 Graeca,
825 1802 978 1879 quod
1025 1801 1329 1880 superiora
1381 1802 1792 1862 intinitivorum
1848 1822 1964 1863 non
2023 1803 2212 1863 solum
2273 1821 2405 1863 cum
2466 1801 2710 1862 articulo
2765 1801 2868 1861 sed
2927 1803 3102 1861 etiam

522 1923 658 1966 cum
703 1895 1138 1984 praepo‘sitione
1184 1902 1295 1962 vim
1341 1902 1589 1975 liabent,
1631 1912 1693 1962 ιιι
1728 1904 1821 1963 ‘in
1867 1905 1981 1964 hoc
2019 1904 2321 1964 laciendo’
2362 1899 2426 1960 ἐν
2465 1903 2548 1984 τῷ
2595 1907 2807 1975 ποιεῖν,
2849 1903 2946 1962 ‘ad
2991 1904 3103 1963 hoc

418 2018 488 2068 60
525 2006 887 2091 faciendum’
934 1999 1081 2082 πρὸς
1125 1995 1190 2062 τὸ
1234 2008 1428 2062 ποιεῖν
1473 2001 1573 2063 καὶ
1619 2003 1913 2080 ποιητέον,
1957 2005 2203 2065 faciendi
2254 2025 2358 2083 pro
2406 2009 2674 2084 ‘oportet
2720 2006 2967 2064 sacere'.
3009 2021 3173 2064 „se-¹⁵

518 2108 821 2184 quentium
884 2127 1016 2167 vero
1075 2106 1324 2167 alterum
1393 2126 1524 2167 cum
1581 2107 2016 2186 praepositione
2062 2107 2280 2167 Graeca
2337 2115 2394 2166 et
2447 2105 2692 2166 articulo
2758 2106 3101 2166 infinitivum

520 2210 838 2287 significat,
891 2217 956 2268 ιιι
995 2217 1266 2268 venatum
1311 2207 1392 2278 εἰς
1432 2199 1496 2266 τὸ
1537 2209 1956 2286 κυνηγετήσαι,
2002 2208 2087 2268 rel
2128 2209 2311 2286 magis
2359 2228 2464 2288 pro
2508 2208 2634 2286 ipsa
2681 2226 2745 2267 re
2789 2208 2859 2268 ad
2909 2207 3102 2268 locum

519 2311 834 2389 accipitur,
881 2318 1152 2370 venatum
1209 2329 1314 2387 pro
1358 2310 1429 2370 ad
1478 2311 1874 2381 venationem,
1921 2312 2213 2389 quomodo
2257 2320 2315 2371 et
2362 2319 2569 2370 venatu
2618 2328 2725 2388 pro
2780 2310 3102 2381 venatione,

523 2412 708 2492 [sicut
764 2411 1095 2471 miserabile
1149 2411 1274 2470 visu
1322 2429 1430 2488 pro
1483 2409 1730 2490 visione]
1790 2421 1854 2471 ιιι
1899 2414 2045 2472 ‘nec
2104 2414 2225 2473 visu
2268 2413 2491 2472 sacilis’
2550 2412 2696 2472 ‘nec
2745 2410 2905 2470 dictu
2964 2413 3104 2470 all‘a-

522 2513 690 2573 hilis’
745 2532 853 2592 pro
905 2512 1127 2572 visione
1182 2521 1238 2571 et
1292 2512 1564 2571 dictione.
1611 2509 1637 2593 Η
1680 2512 1877 2574 multis
1925 2514 2100 2589 igitur
2144 2513 2363 2584 modis,
2424 2513 2576 2573 sicut
2623 2520 2681 2571 et
2726 2511 2783 2571 in
2824 2511 2954 2571 aliis
2997 2513 3171 2571 ‹to-20

523 2615 751 2675 cuimus
806 2614 982 2687 locis,
1042 2613 1273 2675 nomina
1328 2622 1464 2672 sunt
1520 2613 1662 2673 haec
1721 2615 2081 2695 accipienda·
2120 2614 2305 2690 inagis
2359 2633 2531 2691 quam
2581 2613 2776 2673 verba.
2846 2612 3002 2672 unde
3046 2622 3106 2672 et

523 2716 989 2797 praepositiones
1045 2715 1417 2775 inveniuntur
1473 2723 1608 2775 ante
1663 2736 1728 2776 ea
1786 2735 1937 2794 quae
1995 2717 2051 2776 in
2107 2717 2247 2776 dum
2292 2715 2600 2788 desinunt,
2657 2715 2756 2793 qui
2799 2722 2888 2774 est
2934 2733 3108 2774 accu-

522 2820 770 2886 sativus,
841 2818 926 2877 vel
989 2817 1045 2877 in
1110 2818 1217 2891 do,
1277 2818 1376 2895 qui
1448 2827 1538 2877 est
1594 2817 1909 2892 ablativus,
1965 2820 2222 2898 positae,
2288 2828 2354 2878 ut
2406 2818 2477 2878 ad
2535 2817 2846 2878 amandum
2907 2816 2992 2876 vel
3048 2816 3107 2876 in

521 2921 785 2982 amando.

422 3034 482 3085 61
699 3021 931 3082 Passiva
989 3021 1160 3081 verba
1213 3040 1280 3081 ex
1337 3022 1539 3082 activis
1590 3023 1737 3082 fiunt
1781 3021 1893 3082 hoc
1940 3021 2145 3082 modo:
2208 3022 2400 3081 omnia
2458 3021 2638 3081 activa
2685 3021 3175 3098 cuiuscumque-25

524 3124 951 3200 coniugationis
997 3123 1055 3183 in
1100 3141 1472 3201 quocumque
1527 3132 1793 3202 tempore
1848 3123 1934 3183 vel
1981 3125 2153 3184 modo
2207 3124 2293 3182 rel
2341 3142 2594 3202 persona
2644 3121 2702 3182 in
2741 3145 2776 3184 o
2835 3122 3153 3183 desinen-·

526 3226 601 3285 tia
644 3226 963 3286 adsumunt
1003 3245 1034 3285 r
1079 3235 1136 3285 et
1167 3225 1385 3285 faciunt
1431 3226 1658 3304 passiva
1704 3245 1842 3298 sua,
1888 3234 1950 3286 ιιι
1978 3245 2110 3285 amo
2143 3245 2339 3297 amor,
2386 3224 2592 3285 amabo
2625 3225 2884 3297 amabor,
2917 3234 3108 3284 amato
3184 3252 3193 3253 ff

524 3335 778 3399 amator,
835 3336 1069 3387 amanto
1114 3336 1411 3400 amantor,
1465 3327 1649 3389 doceo
1695 3329 1942 3400 doceor,
2001 3327 2225 3387 docebo
2272 3314 2808 3398 doceborsdoceto
2847 3327 3107 3396 docetor,

524 3429 775 3488 docento
808 3428 1122 3501 docentor,
1167 3430 1295 3505 lego
1331 3430 1524 3506 legor,
1573 3430 1747 3506 legito
1793 3429 2028 3506 legitor,
2074 3428 2311 3503 legunto
2351 3427 2637 3504 leguntor‚
2673 3428 2846 3487 audio
2884 3427 3107 3497 audior,

425 3542 494 3593 62
526 3530 723 3590 audito
784 3531 1040 3602 auditor,
1114 3531 1394 3591 audiunto
1459 3530 1792 3593 audiuntor.
1883 3530 2073 3589 omnis
2130 3530 2387 3589 secunda
2450 3548 2698 3607 persona
2762 3529 2990 3609 passiva
3048 3529 3179 3588 iuno

529 3633 820 3710 praesenti
864 3640 923 3693 et
967 3633 1023 3692 in
1068 3632 1382 3710 praeterito
1434 3632 1777 3710 imperfecto
1837 3641 1895 3691 et
1946 3631 2004 3691 in
2046 3633 2240 3692 futuro
2293 3630 2581 3691 indicativi
2640 3640 2698 3691 et
2745 3626 2983 3709 optativi
3035 3629 3108 3689 ab

525 3734 710 3794 activa
755 3753 858 3793 sua
929 3736 990 3794 fit
1044 3732 1387 3813 interposita
1444 3734 1526 3809 ri;
1593 3734 1695 3794 sed
1743 3734 1801 3793 in
1849 3733 2015 3793 tertia
2074 3752 2179 3812 pro
2231 3733 2247 3793 i
2302 3733 2658 3812 paenultima
2704 3751 2736 3791 e
2779 3741 3105 3811 correptam

527 3834 728 3895 habet:
776 3835 878 3894 sed
915 3837 1086 3897 etiam
1133 3837 1212 3896 ris
1259 3836 1316 3896 in
1362 3855 1426 3895 re
1471 3855 1753 3896 conversa
1804 3834 1954 3895 solet
1996 3834 2198 3894 eadem
2241 3835 2497 3895 secunda
2545 3853 2797 3913 persona
2842 3835 2901 3894 in
2953 3836 3108 3897 omni

526 3935 934 4013 coniugatione
980 3938 1257 4017 proferri,
1302 3946 1363 3997 ut
1399 3957 1559 3998 amas
1593 3938 1808 3998 amaris
1854 3936 1943 3996 vel
1987 3955 2216 4009 amare,
2260 3935 2438 3995 doces
2477 3936 2707 3996 doceris
2752 3936 2838 3996 vel
2872 3937 3108 4010 docere,

426 4042 491 4092 03
528 4035 673 4115 legis
729 4036 942 4116 legeris
1000 4038 1086 4098 vel
1132 4038 1356 4116 legere,
1414 4039 1580 4099 andis
1623 4039 1841 4100 audiris
1888 4038 1975 4097 vel
2020 4037 2238 4098 audire.
2329 4037 2625 4115 quomodo
2669 4047 2865 4125 autem
2911 4040 3179 4100 docui-35

527 4160 657 4201 mus
716 4140 772 4199 in
831 4142 1048 4213 activo,
1111 4141 1196 4200 sic
1254 4150 1309 4200 et
1369 4141 1426 4200 in
1485 4141 1718 4220 passivo
1774 4137 2105 4221 praesentis
2158 4138 2467 4198 declinatio
2523 4138 2693 4198 docet
2750 4139 2922 4199 etiam
2977 4141 3108 4200 reli-

529 4260 777 4319 quorum
836 4248 1163 4321 temporum
1224 4241 1445 4319 absque
1488 4242 1801 4321 praeterito
1843 4242 2114 4316 perfecto
2153 4248 2210 4299 et
2256 4241 2348 4300 his
2386 4259 2536 4317 qnae
2582 4259 2653 4299 ex
2698 4243 2811 4301 hoc
2856 4261 3110 4302 nascun-

528 4351 621 4403 tur
668 4363 771 4423 per
823 4343 1085 4405 diversos
1128 4345 1335 4405 modos
1382 4344 1864 4415 declinationem,
1916 4361 2065 4420 quae
2112 4344 2175 4401 lit
2220 4342 2542 4403 secundum
2598 4361 2772 4402 unam
2820 4362 2887 4402 ex
2925 4343 3110 4404 tribus

528 4444 1051 4522 coniugationibus.
1114 4446 1281 4506 tertia
1327 4464 1577 4525 persona
1609 4445 1681 4505 ab
1713 4446 1895 4505 activa
1935 4464 2037 4505 sua
2085 4443 2308 4504 adiecta
2356 4461 2425 4502 ur
2460 4442 2610 4502 solet
2651 4444 2807 4516 lieri,
2856 4453 2918 4505 ιιι
2956 4455 3111 4506 amat

529 4556 784 4619 amatur,
843 4546 1015 4607 docet
1068 4548 1342 4621 docetur,
1404 4547 1542 4625 legit
1597 4546 1840 4624 legitur,
1912 4545 2073 4606 audit
2131 4541 2382 4605 auditur.
2473 4544 2574 4604 sed
2633 4546 2988 4624 paenultima
3051 4548 3109 4607 in
3133 4566 3182 4604 ιο

670 4733 734 4782 10
773 4741 938 4780 nutem
976 4734 1233 4783 initioncm
1275 4736 1338 4784 ad
1375 4750 1544 4783 amare
1578 4732 1620 4781 C
1677 4733 2004 4782 initiationem
2045 4733 2109 4780 ad
2148 4747 2370 4781 amorem
2402 4746 2435 4788 5
2553 4733 2609 4781 ΙΊ
2652 4748 3112 4783 merui-:xromccn

527 4799 704 4850 (tetrus
747 4816 808 4850 nn
846 4803 1030 4850 {iuer-ix
1069 4802 1137 4863 C,
1177 4821 1268 4854 om.
1308 4819 1340 4861 ς
1481 4805 1547 4851 22
1581 4802 1821 4852 desinunt
1855 4816 1888 4857 5
1932 4802 2133 4851 dissinit
2173 4803 2214 4851 0
2352 4802 2418 4849 23
2454 4803 2534 4849 nel
2575 4803 2622 4849 in
2658 4802 2875 4849 amando
2908 4817 2943 4856 5
2983 4818 2996 4850 ε
3032 4805 3111 4852 ncl

529 4865 581 4914 in
609 4870 881 4918 amandum
913 4884 980 4917 m:
1018 4884 1336 4924 ronnarionss
1374 4888 1520 4922 usam
1565 4887 1751 4923 Passim
1792 4872 2005 4919 Passina
2045 4872 2086 4920 C
2222 4872 2287 4922 37
2324 4870 2550 4936 pei-fecto
2589 4871 2774 4949 vinus),
2813 4872 2938 4921 mid.
2975 4885 3008 4926 ς
