3576 5595
518 468 640 533 380

519 675 570 726 p.
610 658 694 720 30,
736 655 797 708 16
839 671 1025 722 nggma
1063 642 1292 720 (ἆγγμα)
1343 655 1397 707 B.
1420 665 1503 706 teu
1544 655 1780 705 Brinkins

587 744 653 792 Μ.
685 744 908 792 Terentii
936 743 1183 793 Varronis
1213 745 1351 792 locus
1380 743 1443 792 de
1477 744 1600 792 urbe
1622 745 1779 794 Roma

583 848 634 897 p.
680 829 704 880 1
747 847 825 892 sq.
860 857 928 867 -—
963 831 1050 880 lin.
1086 831 1146 880 17
1183 831 1335 889 nu'la,
1377 830 1466 880 sed
1506 846 1605 879 vox
1645 830 1778 880 idem

581 934 696 967 cnm
734 917 1011 968 Ritsclielio

516 1021 565 1070 p.
606 1004 690 1064 33,
729 1009 758 1056 4
792 1006 829 1056 O
870 1007 944 1062 (v.
983 1019 1136 1053 error.
1171 1002 1396 1067 t>pogr.)
1436 1017 1547 1049 cnm
1586 1000 1779 1050 Raude-

583 1092 704 1140 lotio
742 1094 814 1152 (v.
857 1091 1217 1141 Buechelcrntn
1259 1090 1293 1138 l.
1336 1087 1368 1138 Ι.
1412 1105 1458 1153 p.
1494 1089 1548 1139 11
1586 1089 1701 1136 adn.
1730 1088 1777 1142 1)

581 1186 627 1227 et
655 1176 962 1229 Schneidero
987 1178 1199 1242 probant
1222 1174 1559 1224 Buerlirlerus
1595 1174 1629 1226 l.
1657 1174 1691 1227 l.
1725 1190 1776 1239 p.

558 1266 646 1340 2¹2
672 1267 735 1315 es.
775 1282 824 1332 p.
862 1265 895 1315 8
922 1281 1033 1328 sqq.
1066 1271 1114 1314 et
1143 1261 1441 1312 Corssenius
1465 1262 1497 1310 1.
1525 1261 1594 1314 t.1
1623 1260 1683 1311 13
1712 1260 1779 1313 cl'.

582 1370 633 1419 p.
682 1353 760 1406 14.

512 1456 559 1505 p.
596 1438 679 1497 36,
714 1439 775 1489 21
821 1455 867 1488 v.
906 1438 967 1486 ad
1007 1439 1180 1502 p.·24.
1218 1436 1252 1486 6

510 1543 564 1592 p.
603 1526 700 1588 37,
756 1526 820 1574 12
868 1540 965 1572 ser.
1022 1523 1240 1588 Harpyia
1300 1535 1414 1568 nani
1469 1523 1518 1584 yi
1575 1535 1686 1570 cum
1741 1517 1776 1567 C

581 1614 666 1672 21,
708 1612 802 1662 171
1226 1611 1229 1616 “

514 1718 564 1767 p.
603 1698 705 1757 40,
742 1697 776 1749 6
809 1696 876 1750 ei'.
930 1695 1239 1745 Boea-kliiurn
1292 1693 1477 1746 introd.
1528 1695 1576 1742 in
1622 1693 1773 1745 inser,

583 1786 755 1836 Boeot.
794 1786 826 1847 S
866 1782 929 1833 10
967 1781 1020 1832 C.
1068 1784 1106 1831 1.
1146 1773 1232 1830 (ir.
1273 1781 1290 1829 1
1328 1779 1429 1830 723

512 1874 637 1923 ibid.
681 1871 745 1922 16
784 1872 832 1919 in
871 1883 959 1919 εια
992 1868 1153 1918 solnm
1200 1866 1235 1915 C
1273 1868 1357 1925 21,
1401 1865 1491 1915 171

513 1976 563 2026 p.
598 1959 684 2018 46,
722 1957 757 2009 6
786 1957 962 2006 eadem
999 1970 1112 2003 eum
1150 1954 1248 2005 BG
1286 1953 1323 2002 C
1362 1952 1441 2015 19,
1473 1952 1571 2003 158

511 2047 634 2096 ibid.
666 2046 700 2096 8
738 2052 855 2093 sunt
895 2041 993 2091 del.
1034 2042 1166 2090 idem
1206 2056 1320 2089 cnm
1358 2040 1414 2088 H
1447 2039 1571 2088 ibid.
1617 2037 1713 2087 157

513 2150 565 2200 p.
606 2133 690 2194 51,
723 2130 791 2181 26
823 2138 877 2181 ut
904 2143 1017 2177 amo
1042 2143 1153 2175 cum
1189 2126 1395 2176 IIGLK
1422 2125 1521 2174 del.
1554 2125 1622 2173 id.
1650 2125 1772 2173 ibid.

511 2237 561 2286 p.
601 2220 689 2278 55,
722 2219 756 2269 9
797 2213 1008 2279 formis]
1055 2215 1287 2279 personis
1321 2214 1389 2262 id.
1428 2211 1516 2274 20,
1555 2211 1652 2261 165

511 2323 563 2372 p.
603 2305 688 2364 58,
726 2305 757 2354 5
798 2303 873 2370 [ut
902 2301 1088 2351 Paulus
1123 2296 1407 2366 proprium]
1450 2298 1519 2347 id.
1562 2298 1687 2347 ibid.

513 2409 565 2457 p.
591 2390 676 2452 59,
696 2390 764 2440 20
786 2388 1111 2454 appellativis
1133 2386 1276 2435 soliS.
1328 2394 1445 2435 sunt
1465 2385 1533 2437 id.
1561 2384 1649 2447 21,
1679 2385 1776 2433 170

512 2494 560 2543 p.
600 2478 698 2536 62,
743 2475 806 2525 19
857 2470 1140 2539 [Cornelii]
1192 2473 1259 2521 id.
1289 2472 1377 2535 20,
1421 2472 1517 2521 165
1554 2497 1618 2505 -
1657 2485 1772 2520 num

581 2564 739 2628 igitur
777 2561 935 2610 voluit
973 2561 1121 2608 etiam
1167 2557 1454 2624 [Cornelius
1492 2566 1540 2607 et
1572 2556 1720 2622 quiJ‘?

512 2667 562 2715 p.
604 2649 700 2707 67,
743 2649 804 2698 17
837 2663 948 2709 sqq.
996 2646 1061 2699 εἴ.
1096 2645 1405 2694 Lobecliium
1452 2642 1646 2709 pathol.
1689 2641 1773 2692 Gr.

579 2733 809 2801 prolegg.
834 2750 885 2800 p.
910 2734 1032 2795 477,
1062 2733 1187 2781 Rob.
1221 2734 1477 2795 Vngerurn
1516 2731 1579 2779 ad
1605 2729 1775 2779 loann.

579 2820 857 2871 Selmerum
891 2836 970 2885 ep.
1008 2821 1193 2885 gratul.
1232 2819 1359 2871 Nur.
1395 2817 1777 2883 Brandenburgi

584 2908 733 2957 1855.
768 2888 817 2957 4‘.

513 3012 563 3060 p.
607 2995 690 3053 70,
734 2992 757 3041 1
802 2990 852 3057 ο]
890 3006 987 3040 non
1022 2991 1058 3041 C
1094 2992 1179 3055 20,
1224 2990 1319 3042 165
1355 3007 1468 3041 cum
1507 2991 1583 3040 K!

510 3098 561 3147 p.
601 3082 685 3142 77,
724 3080 758 3130 9
798 3078 907 3145 [seu
946 3077 1124 3142 vocali]
1179 3087 1225 3127 et
1258 3078 1445 3127 ibidem
1488 3080 1550 3129 12
1596 3074 1777 3142 [Adria

520 3168 531 3177 '
582 3165 859 3230 Adrianus]
897 3163 934 3214 C
968 3164 1055 3227 20,
1095 3164 1193 3215 164
1228 3182 1305 3228 eq.

578 3342 610 3402 S
644 3340 764 3391 217.
805 3339 866 3387 de
907 3340 1022 3403 ipsa
1052 3338 1232 3399 forma,
1270 3338 1431 3386 donee
1463 3336 1666 3385 tandem
1697 3334 1771 3383 al-

583 3437 742 3476 terum
782 3424 906 3473 illud
951 3424 1194 3490 Stephani
1234 3424 1467 3473 volumen
1504 3424 1769 3488 prodierit,

1300 477 1753 528 CORRIGENDA
1803 478 1891 529 ET
1938 480 2277 529 ADDENDA
2290 515 2304 530 .

1854 676 1905 725 p.
1955 657 2039 718 98,
2077 658 2111 710 9
2149 673 2260 721 sqq.
2301 658 2421 711 add.
2451 657 2500 707 in
2535 657 2630 708 flue
2669 658 2787 708 adn.
2829 667 2878 707 at
2906 673 2951 707 v.
2981 657 3118 709 vah-

1922 745 2093 794 lenum
2132 746 2181 794 in
2237 745 2381 798 Varr.
2423 754 2518 795 sat.
2566 728 2697 795 Men.
2738 745 2849 796 rell.
2889 746 3025 797 coni.
3062 763 3115 818 p.

1924 831 2019 882 121
2061 848 2139 894 sq.

1851 935 1902 984 p.
1949 917 2065 981 118,
2092 920 2120 967 4
2150 916 2598 985 nominativorum]
2644 920 2905 970 nominum
2942 918 2994 970 C.
3030 920 3117 982 21,

1926 1005 2043 1057 169.
2083 1021 2147 1054 ex
2184 1005 2412 1054 eiusdem
2454 1004 2536 1065 19,
2575 1005 2671 1055 l58
2705 1008 2955 1056 sententia
2992 1007 3116 1055 ibid.

1924 1094 1986 1144 13
2024 1110 2123 1143 scr.
2164 1101 2393 1156 correpta
2430 1101 2476 1141 et
2513 1093 2582 1144 ib.
2619 1094 2677 1142 Η
2715 1094 2958 1159 producta
3000 1109 3112 1141 enon

1919 1181 2024 1230 ΗΚ
2061 1181 2128 1233 ib.
2170 1180 2228 1230 17
2262 1193 2388 1243 pura
2427 1193 2540 1228 cum
2582 1180 2678 1228 RD

1853 1281 1901 1329 p.
1947 1266 2062 1326 122»,
2111 1265 2165 1315 11
2203 1280 2312 1329 sqq.
2352 1264 2419 1314 cf.
2460 1265 2611 1314 etiam
2653 1266 2990 1315 Bormannnm
3029 1279 3117 1312 zur

1919 1353 2099 1402 Gesclt.
2129 1352 2219 1400 des
2257 1350 2443 1400 letzten
2473 1350 2881 1416 Latinerkrieges
2911 1352 3115 1400 Primis-

1921 1439 2018 1492 lav.
2081 1439 2207 1488 1855
2266 1453 2317 1503 p.
2364 1437 2397 1486 9
2434 1453 2511 1500 sq.
2560 1436 2939 1504 Scliweglerum
2996 1437 3113 1486 bist.

1918 1526 2064 1574 Rom.
2107 1527 2147 1574 11
2194 1525 2236 1583 1,
2273 1523 2391 1573 291.
2430 1524 2533 1575 ’298

1852 1629 1900 1678 p.
1951 1613 2060 1672 136,
2094 1614 2158 1661 27
2196 1610 2426 1678 [invideo
2465 1608 2690 1676 invidus]
2736 1608 2772 1658 C
2807 1611 2892 1666 20,
2938 1609 3032 1660 165

1851 1717 1898 1765 p.
1942 1699 2069 1758 140,
2109 1700 2176 1748 22
2212 1715 2324 1762 sqq.
2366 1701 2530 1762 (ln—
2556 1695 2844 1762 municeps)
2884 1697 2954 1748 id.
2981 1694 3110 1743 ibid.

1850 1803 1901 1853 p.
1943 1787 2058 1846 149,
2083 1786 2115 1835 5
2138 1782 2370 1849 Papieio]
2410 1783 2475 1837 cf.
2505 1785 2566 1832 Α.
2595 1784 2656 1833 de
2678 1781 2974 1833 Gutschmid
2995 1795 3111 1830 ann.

1918 1872 2045 1939 phil.
2084 1871 2256 1937 suppl.
2294 1886 2408 1922 nor.
2445 1871 2487 1919 11
2529 1869 2626 1920 193

1851 1961 1970 2009 ibid.
2010 1963 2040 2010 7
2076 1973 2172 2009 scr.
2217 1958 2512 2022 productam
2554 1972 2668 2006 cum
2705 1955 2848 2005 DLC
2891 1953 2972 2014 19,
3015 1953 3114 2003 158

1851 2065 1898 2113 p.
1945 2045 2056 2104 150,
2092 2044 2150 2095 18
2191 2044 2305 2095 i'ort.
2343 2054 2391 2094 et
2420 2043 2502 2093 hie
2529 2053 2575 2093 et
2609 2044 2721 2102 191,
2759 2043 2791 2092 5
2829 2027 2967 2091 derit
2987 2042 3113 2091 scri·

1919 2133 2136 2181 bendum
2173 2139 2249 2180 est

1848 2234 1897 2284 p.
1946 2220 2060 2277 151,
2103 2218 2165 2268 19
2203 2230 2436 2268 Aorsi-nr
2476 2232 2589 2265 eum
2622 2215 2714 2265 GL
2736 2216 2863 2263 tueri
2900 2226 3111 2265 conatus

1918 2316 1994 2356 est
2027 2302 2367 2353 Bneclielerus
2397 2318 2525 2354 mus,
2565 2301 2691 2368 phil.
2733 2300 2801 2350 x1
2833 2300 2936 2350 298

1850 2409 1900 2458 p.
1939 2392 2057 2451 152,
2101 2389 2163 2439 16
2212 2396 2483 2451 antequam
2531 2389 2789 2452 regionem
2828 2394 3112 2438 vastassent

1917 2479 2143 2544 legiones
2171 2477 2302 2525 coni.
2341 2474 2550 2524 Bolhuis
2590 2473 2696 2523 Cat.
2735 2490 2807 2524 or.
2843 2472 2933 2527 lib.
2965 2473 3008 2520 11
3047 2471 3107 2520 fr.

1916 2565 1983 2614 xl
2022 2583 2072 2631 p.
2107 2563 2174 2614 28

1846 2670 1900 2719 p.
1944 2652 2058 2711 153,
2100 2651 2162 2700 12
2208 2645 2371 2712 vivis]
2428 2648 2544 2696 imis
2594 2649 2726 2696 coni.
2763 2643 2963 2710 Maelily
2991 2658 3109 2694 utin.

1917 2738 2043 2804 phil.
2083 2735 2268 2786 Lxxv
2306 2734 2407 2785 362

1850 2844 1898 2893 p.
1935 2825 2056 2887 154,
2098 2826 2130 2872 2
2171 2823 2236 2872 cf.
2286 2823 2414 2881 Don.
2448 2821 2513 2870 ad
2551 2820 2665 2872 Ter.
2701 2836 2814 2868 eun.
2857 2820 2921 2868 111
2963 2819 3008 2883 1,
3047 2818 3104 2867 11

1920 2913 1952 2964 l.
1993 2926 2022 2961 a
2057 2910 2254 2959 Klotzio
2285 2923 2403 2960 aun.
2446 2907 2572 2972 phil.
2617 2905 2822 2955 Lxxut
2864 2906 2964 2955 714

1851 3014 1901 3064 p.
1945 2998 2058 3055 155,
2098 2998 2159 3046 14
2195 2993 2371 3060 saepe]
2413 3008 2568 3058 supra
2602 2994 2733 3043 coni.
2776 2992 2812 3040 C
2848 2993 2933 3051 21,
2980 2991 3075 3041 169

1850 3085 1974 3133 ibid.
2029 3081 2098 3133 20
2149 3097 2247 3131 scr.
2295 3080 2460 3130 Lentis
2503 3080 2619 3133 coli.
2668 3096 2719 3145 p.
2758 3079 2885 3141 130,
2926 3081 2954 3128 7
2997 3094 3109 3127 cnm

1918 3172 2095 3221 eodem
2132 3168 2255 3217 ibid.
2297 3168 2395 3217 172

412 3246 417 3249 ’
511 3272 564 3321 p.
601 3253 769 3311 70,12
802 3249 1149 3315 Tatirominio]
1184 3251 1319 3299 ll.-ll.
1356 3250 1472 3299 add.
1499 3249 1585 3298 lib.
1608 3248 1774 3299 xvlu
1848 3273 1899 3321 p.
1945 3256 2070 3315 156,
2115 3254 2177 3304 10
2224 3262 2506 3319 correptam
2555 3262 2672 3301 sunt
2715 3253 3028 3314 communia,
3066 3254 3111 3301 si

1915 3342 2031 3391 sun't
2081 3341 2217 3406 apud
2274 3340 2493 3391 Graecos
2548 3340 2835 3389 communia
2895 3341 2972 3388 vel
3038 3341 3109 3390 id.

1912 3428 2040 3481 ima.
2084 3426 2179 3477 170
2680 3411 2695 3431 ⁸

578 3514 644 3562 el'.
682 3512 878 3560 interim
918 3511 1126 3559 Bentleii
1165 3525 1346 3563 comm.
1388 3511 1451 3559 de
1477 3527 1592 3576 epp.
1623 3510 1768 3560 Phal.
1841 3533 1891 3581 p,
1939 3515 2051 3573 158,
2093 3514 2114 3563 1
2159 3512 2505 3563 dissensiones
2541 3528 2652 3561 cum
2691 3513 2796 3562 RH
2830 3513 2897 3561 id.
2937 3513 3065 3561 ibid.

576 3599 737 3664 praef·
787 3614 835 3663 p-
880 3598 1037 3646 LVIII
1073 3597 1303 3662 perutilis
1351 3597 1489 3645 illius
1526 3598 1771 3662 intet'pre-
1841 3620 1894 3669 p.
1938 3603 2053 3660 168,
2085 3602 2119 3651 9
2156 3602 2274 3651 add.
2304 3599 2361 3651 E.
2397 3599 2661 3648 Hoffmann
2704 3599 2765 3648 de
2797 3600 2955 3651 Plaut.
2992 3604 3110 3648 Ani-

578 3686 780 3734 tationis
846 3684 1217 3733 Ribbeekianae
1275 3693 1322 3731 et
1383 3683 1603 3733 Cluverii
1666 3682 1767 3732 Sic.

579 3784 684 3823 ant.
723 3788 775 3837 P.
815 3769 883 3821 90
919 3771 988 3819 ibi
1027 3770 1059 3821 l.

509 3875 560 3925 p.
592 3860 678 3919 82,
706 3857 739 3908 9
768 3874 864 3910 scr.
890 3858 1184 3922 Paelignus,
1210 3872 1257 3903 v.
1284 3855 1337 3907 C.
1360 3856 1541 3907 lialmii
1568 3859 1766 3907 emend.

580 3944 837 3994 Valerian.
878 3959 928 4008 p.
961 3946 1012 4001 6,
1046 3942 1150 3997 Cic.
1190 3942 1343 3996 Orell.
1388 3944 1466 3993 ed.
1511 3945 1598 3996 alt.
1641 3946 1681 3994 11
1720 3948 1772 4005 2,

577 4032 706 4089 999;
746 4030 812 4079 ad
849 4039 1007 4079 totum
1036 4028 1089 4081 h.
1123 4029 1155 4082 1.
1184 4029 1248 4078 cf.
1281 4030 1413 4079 (juil.
1442 4030 1771 4081 Sclnnitzinm

578 4134 706 4167 mus.
747 4115 874 4183 phil.
915 4116 1009 4164 xtl
1048 4116 1152 4165 290
1188 4132 1264 4177 sq.

511 4222 559 4270 p.
600 4204 685 4262 84,
715 4203 778 4253 10
815 4217 970 4267 ergon
1008 4194 1170 4267 ipsn’s
1201 4203 1510 4267 ipsissimus»,
1552 4214 1628 4253 est
1659 4220 1769 4253 cum

581 4292 629 4339 P
664 4288 784 4353 del„
822 4288 858 4339 C
884 4290 970 4348 20,
1014 4289 1111 4339 162

511 4394 562 4443 p.
602 4377 687 4435 85,
730 4375 793 4427 13
835 4373 1104 4442 Apuleius]
1141 4376 1209 4427 cs.
1240 4376 1303 4425 de
1342 4376 1391 4426 h.
1421 4377 1453 4429 1.
1484 4376 1770 4442 Roeperum

582 4463 727 4512 Varr.
772 4463 978 4511 Rumon.
1021 4462 1133 4512 rell.
1174 4466 1193 4512 1
1236 4462 1297 4513 17
1336 4464 1455 4515 adn.
1496 4464 1527 4513 5

513 4566 562 4615 p.
594 4550 681 4612 92,
721 4549 744 4599 1
790 4550 838 4596 in
871 4548 1084 4598 lectione
1113 4550 1227 4604 eod.
1261 4550 1309 4598 P
1330 4550 1642 4613 quaestionis
1670 4564 1772 4598 me-

582 4636 743 4684 moria
780 4634 980 4683 videtur
1010 4636 1221 4685 subesse
1255 4637 1308 4685 ll.
1338 4637 1550 4686 Iordano
1576 4644 1770 4698 quaest,

584 4725 690 4772 Cat.
725 4735 877 4785 capp.
918 4736 972 4785 p.
1012 4721 1075 4771 31
1114 4722 1229 4771 adn.
1271 4722 1340 4773 46

512 4809 638 4856 ibid.
684 4808 745 4857 16
785 4804 956 4870 [quam
995 4804 1181 4871 cetera]
1222 4808 1258 4857 C
1296 4808 1381 4870 20,
1421 4807 1518 4858 165

513 4909 563 4958 p.
601 4891 688 4954 93,
724 4892 758 4942 8
794 4887 959 4955 patre]
1000 4900 1182 4957 patruo
1219 4893 1324 4943 Cic.
1355 4894 1464 4943 cod.
1500 4894 1615 4946 Vnt.
1654 4908 1773 4944 eno-

470 5014 478 5021 ·
580 4986 715 5028 tante
754 4976 793 5026 C

1911 3689 2064 3755 phitr.
2093 3685 2312 3752 exempl.
2343 3695 2390 3735 et
2421 3686 2603 3750 fragm.
2627 3685 2690 3734 fr.
2723 3685 2840 3735 xvl
2866 3701 2917 3751 p.
2946 3687 3012 3735 54
3033 3705 3109 3749 sq.

1844 3792 1895 3841 p.
1936 3776 2052 3838 171,
2086 3775 2120 3825 8
2168 3775 2288 3825 adn.
2325 3782 2440 3837 post
2490 3773 2711 3821 editores
2760 3772 2877 3821 add.
2913 3784 3113 3838 praeter

1912 3861 2225 3911 Bolltuisium
2262 3860 2407 3909 diatr.
2450 3859 2499 3907 in
2556 3859 2662 3908 Cat.
2704 3874 2801 3908 ser.
2838 3869 2881 3907 et
2923 3862 3109 3926 fragm.

1915 3949 2049 4012 orig.
2085 3946 2171 3995 lib.
2214 3948 2257 3995 11
2299 3946 2484 4011 fragm.
2522 3945 2591 3994 lX
2630 3961 2679 4010 p.
2727 3946 2789 3994 27

1846 4035 1969 4083 ibid.
2016 4035 2076 4084 14
2113 4033 2176 4081 ad
2213 4032 2342 4081 lianc
2380 4031 2497 4080 adn.
2535 4030 2602 4083 cs.
2645 4031 2845 4081 doctam
2885 4044 2930 4080 et
2960 4051 3112 4100 saga-

1915 4134 2022 4167 cem
2064 4120 2118 4168 ti.
2158 4119 2310 4167 Keilii
2337 4118 2370 4170 1.
2409 4118 2441 4171 1.
2484 4133 2534 4182 p.
2576 4117 2844 4169 Lt—le
2883 4121 3110 4185 disputa-

1915 4208 2103 4255 tionem

1845 4309 1896 4358 p.
1940 4291 2054 4349 182,
2093 4292 2125 4343 3
2148 4291 2325 4341 Cicero
2347 4291 2394 4338 in
2419 4287 2719 4355 Protagora]
2743 4291 2810 4340 εἰ.
2839 4307 2885 4344 ν.
2912 4291 3110 4343 Hensde

1915 4379 2086 4429 Cicero
2125 4367 2486 4440 φιλοπλάτων
2520 4393 2570 4443 p.
2612 4376 2679 4427 92

1849 4481 1900 4529 p.
1941 4462 2069 4525 183,
2127 4462 2181 4513 11
2226 4461 2326 4510 huc
2373 4472 2508 4512 certe
2547 4464 2763 4529 pertinet
2802 4464 2886 4513 ille
2921 4466 3106 4515 ‘AVG.

1917 4549 2135 4599 SER.'A
2173 4547 2353 4599 CAL.’
2391 4565 2474 4614 ap.
2525 4548 2769 4600 Orellium
2808 4552 2961 4603 inser.
3000 4553 3109 4603 Lat.

1917 4635 2071 4686 2898.

1846 4738 1897 4786 p.
1941 4720 2057 4782 187,
2097 4722 2160 4771 13
2195 4738 2272 4786 sq.
2314 4722 2382 4773 of.
2418 4721 2509 4774 lib.
2546 4720 2715 4773 xvm
2749 4724 2782 4785 S
2817 4721 2913 4772 173

1847 4824 1895 4872 p.
1940 4807 2054 4867 189,
2094 4808 2151 4858 11
2192 4824 2289 4858 scr.
2329 4806 2408 4874 [et
2448 4810 2699 4860 ablativus
2737 4805 2880 4872 eius]
2920 4823 3032 4858 cum
3072 4810 3108 4859 C

1916 4893 2000 4953 20,
2041 4893 2137 4944 163

1845 4998 1899 5048 p.
1944 4980 2061 5044 191,
2100 4981 2133 5031 5
2164 4980 2232 5031 of.
2264 4996 2315 5046 p.
2360 4980 2476 5045 150,
2520 4981 2583 5032 18
