3576 5595
613 384 738 445 400
1702 383 2125 444 PRAEFATIO

612 570 887 653 primum
940 569 1000 632 in
1048 569 1345 654 principe
1386 567 1671 630 editione
1717 567 1934 630 editus
1979 579 2152 646 erat,
2199 566 2349 629 talis
2395 565 2478 628 ab
2526 564 2862 648 omnibus,
2908 566 3020 652 qui
3066 577 3239 629 ante

610 670 1131 734 Lindemannum
1182 670 1352 733 hunc
1401 669 1635 732 librum
1682 668 2053 750 ediderunt,
2101 669 2414 754 repetitus
2463 677 2581 731 est.
2649 677 2845 753 atque
2879 663 3239 732 in‘Aldina

610 795 868 859 quoque
933 751 1249 850 editione:
1317 771 1401 834 ad
1461 792 1651 856 quam
1713 770 2068 855 parandam
2117 769 2418 834 Donatus
2463 770 2890 849 Veronensis,
2957 771 3068 856 qui
3116 769 3223 833 illi

609 874 879 938 editioni
916 872 1231 957 praefuit,
1280 881 1537 936 vetusto
1582 872 1807 936 codice
1849 894 1918 934 se
1961 895 2149 936 usum
2188 894 2331 935 esse
2369 871 2626 950 scribit,
2673 871 2974 957 quamvis
3005 871 3225 934 multa

610 984 903 1040 correcta
956 976 1122 1054 sint,
1186 985 1403 1037 tamen
1458 976 1770 1038 universa
1832 973 1979 1037 libri
2036 972 2246 1037 forma
2299 974 2525 1059 paucis
2583 972 2742 1035 locis
2798 981 3047 1035 mutata
3086 982 3216 1036 est.

610 1075 1213 1140 Lindemannus
1276 1086 1491 1139 autem
1553 1077 1715 1139 duos
1771 1076 2031 1138 codices
2075 1073 2434 1138 Leidenses
2492 1075 2867 1159 usurpavit,
2932 1074 3215 1137 alterum

613 1179 1006 1242 Vossianum
1051 1183 1154 1242 33.
1198 1185 1269 1256 4,
1339 1178 1612 1241 alterum
1672 1179 1828 1240 item
1875 1176 2269 1239 Vossianum
2330 1178 2410 1238 36
2470 1175 2579 1238 sol.
2641 1176 2903 1239 saeculo
2957 1176 3217 1239 decimo

612 1283 960 1366 scriptum,
1019 1281 1082 1342 in
1128 1302 1256 1365 quo
1315 1288 1462 1367 post
1518 1278 1972 1362 duodeviginti
2031 1279 2507 1342 institutionum
2552 1275 2755 1339 libros
2808 1277 2910 1341 hic
2958 1276 3226 1340 libellus

611 1382 871 1468 legitur.
963 1404 998 1444 e
1053 1381 1289 1467 quibus
1341 1381 1525 1444 libris
1586 1402 1730 1443 cum
1790 1381 2002 1466 prior,
2073 1388 2144 1442 ut
2190 1389 2342 1442 ante
2386 1379 2631 1442 dictum
2679 1387 2810 1460 est,
2878 1402 3007 1443 non
3056 1381 3227 1442 satis

611 1492 826 1547 certae
866 1481 1019 1545 fidei
1071 1485 1184 1564 sit,
1231 1482 1395 1545 alter
1455 1504 1609 1546 vero
1657 1482 1862 1544 multo
1911 1482 2219 1544 maiorem
2267 1481 2577 1565 praebeat
2619 1479 3104 1564 neglegentiam
3155 1490 3226 1543 et

612 1586 1076 1666 temeritatem,
1146 1605 1275 1648 non
1340 1585 1547 1670 potuit
1602 1584 1695 1665 is,
1759 1583 1873 1669 qui
1923 1582 2024 1646 his
2092 1605 2161 1643 se
2217 1592 2420 1644 totum
2480 1581 2877 1663 addixisset,
2942 1581 3264 1645 multum·

610 1687 950 1773 proficere.
1040 1695 1233 1773 atque
1288 1685 1461 1749 haud
1510 1686 1646 1748 scio
1689 1706 1774 1748 an
1822 1685 2080 1748 omissis
2140 1684 2440 1747 omnibus
2502 1685 2673 1764 t'ere,
2734 1704 2900 1769 quae
2964 1685 3028 1746 in
3083 1684 3222 1748 illis

612 1789 841 1852 deesse
896 1789 1095 1868 vidit,
1168 1786 1356 1872 plura
1415 1787 1779 1872 corruperit
1822 1808 2014 1872 quam
2060 1786 2440 1848 correxerit.
2535 1785 2650 1848 sed
2695 1785 2757 1846 in
2806 1784 3012 1848 altero
3055 1784 3221 1846 Vos-

613 1891 830 1971 siano,
887 1911 1076 1976 quem
1128 1889 1183 1951 R
1228 1888 1398 1953 dixit
1444 1887 1967 1968 Lindemannus‚
2026 1886 2232 1949 multa
2273 1887 2459 1972 quasi
2506 1886 2846 1950 cuiusdam
2892 1909 3224 1949 commen·

609 1994 760 2056 tarii
806 1995 1013 2057 instar
1058 1993 1123 2054 in
1171 1991 1380 2077 ipsam
1425 1990 1918 2054 continuitatem
1970 1988 2314 2052 verborum
2365 1998 2626 2075 recepta
2673 1998 2857 2068 sunt,
2905 2010 3072 2074 quae
3104 1988 3224 2052 ille

613 2094 1004 2159 scholiorum
1057 2093 1197 2155 loco
1243 2095 1310 2155 in
1354 2090 1549 2154 finem
1598 2090 1745 2154 libri
1796 2091 2044 2153 reiecit.
2121 2111 2206 2153 ex
2253 2089 2353 2153 his
2400 2112 2645 2175 pauca,
2689 2111 2854 2177 quae
2894 2090 2952 2154 L
2996 2089 3224 2154 littera.

609 2195 899 2260 indicata
930 2204 1102 2274 sunt,
1138 2192 1591 2257 Lindemanno
1625 2203 1891 2256 auctore
1924 2193 1992 2255 in
2016 2214 2226 2255 meam
2255 2191 2741 2256 adnotationem
2772 2194 3220 2277 transscripsi,

611 2298 911 2382 idemque
940 2289 1203 2379 'signum
1236 2295 1459 2379 paucis
1496 2295 1635 2356 eius
1670 2293 1818 2357 libri
1845 2294 2185 2379 scripturis
2218 2293 2377 2378 ipsis
2409 2315 2667 2380 quoque
2698 2314 2738 2355 a
2762 2292 3220 2357 Lindemanno

610 2399 830 2485 petitis
872 2396 1169 2484 adposui.
1260 2394 1699 2458 Lindemanni
1745 2395 2097 2459 editionem
2146 2404 2372 2481 postea
2427 2397 2733 2480 repetivit
2791 2394 3219 2477 Krehlius,

613 2501 724 2585 qui
769 2500 835 2562 in
880 2499 1096 2584 priore
1127 2506 1310 2584 parte
1348 2494 1500 2560 libri
1540 2498 1733 2561 etiam
1759 2495 2138 2560 Monacensi
2173 2495 2391 2582 aliquo
2423 2497 2648 2560 codice
2680 2498 2785 2562 vel
2823 2498 3222 2582 fragmentO,

610 2610 683 2663 ut
727 2598 1171 2685 ipse-scribit,
1216 2597 1582 2663 collationis
1624 2598 2036 2662 Monacensis
2077 2620 2232 2661 usus
2280 2607 2398 2661 est.

598 2787 601 2790 .
784 2701 1086 2787 Denique
1131 2701 1339 2764 adieci
1386 2698 1680 2764 libellum
1725 2702 1818 2765 de
1864 2699 2381 2780 accentibus,
2425 2702 2536 2786 qui
2585 2699 2907 2764 Prisciani
2952 2702 3218 2766 nomine

615 2806 970 2890 inscriptus
1020 2804 1256 2884 fertur,
1304 2824 1698 2889 quamquam
1742 2826 1888 2867 eum
1935 2825 2063 2867 non
2112 2824 2255 2866 esse
2289 2824 2328 2865 a
2359 2802 2701 2866 Prisciano
2737 2805 3046 2888 scriptum
3083 2826 3216 2868 non

613 2916 771 2993 puto
820 2907 1013 2990 longa
1057 2905 1497 2992 disputatione
1545 2904 2062 2968 confirmandum
2110 2926 2274 2968 csse.
2366 2926 2514 2967 nam
2576 2928 2705 2968 non
2759 2905 2968 2968 solum
3027 2928 3220 2970 omne

613 3007 874 3072 dicendi
907 3029 1114 3092 genus
1162 3007 1244 3071 ab
1293 3009 1413 3072 hoc
1452 3007 1881 3092 grammatico
1925 3028 2189 3092 prorsus
2236 3006 2551 3090 alienum,
2592 3030 2675 3070 ne
2711 3007 2921 3071 dicam
2955 3008 3115 3073 rude
3153 3019 3221 3072 et

614 3249 826 3314 scripsi.
902 3250 993 3298 ‘In
1023 3249 1323 3298 Germania
1359 3247 1534 3297 multa
1569 3249 1908 3298 monasteria
1946 3254 2072 3297 sunt
2109 3245 2463 3297 bibliothecis
2487 3246 2749 3297 librorum
2773 3249 3092 3299 Latinorum
3130 3265 3214 3299 re-

614 3335 782 3383 ferta:
822 3349 959 3397 quae
1000 3350 1086 3382 res
1122 3351 1272 3398 spem
1314 3332 1443 3381 mihi
1482 3333 1687 3393 attulit,
1730 3333 1945 3397 aliquos
1973 3332 2230 3381 librorum
2259 3332 2561 3392 Ciceronis,
2590 3334 2872 3396 Varronis,
2903 3335 3050 3384 Livii
3079 3334 3213 3383 alio·

612 3434 836 3483 rumque
875 3418 1313 3467 doctissimorum
1353 3419 1607 3480 virorum,
1650 3420 1741 3481 qui
1781 3417 2014 3467 extincti
2052 3417 2274 3481 penitus
2312 3432 2433 3465 esse
2471 3418 2744 3479 videntur,
2785 3419 2839 3468 in
2878 3418 3055 3468 lucem
3084 3435 3213 3469 ven-

616 3510 783 3565 turos,
825 3506 870 3552 si
912 3508 1176 3552 accurata
1215 3504 1578 3568 investigatio
1617 3504 1989 3552 adhiberetur.
2048 3516 2174 3550 nam
2204 3517 2324 3550 cum
2350 3500 2436 3550 his
2464 3503 2725 3566 proximis
2752 3504 2948 3553 dicbus
2975 3520 3041 3553 ex
3069 3521 3215 3553 com-

611 3589 821 3654 posito,
863 3588 1014 3637 fama
1052 3586 1428 3637 bibliothecae
1468 3588 1675 3649 allecti,
1715 3603 1827 3637 una
1866 3602 1986 3635 cum
2015 3586 2224 3651 Poggio
2263 3592 2426 3650 atque
2457 3587 2880 3637 Bartholomaco
2906 3588 3215 3653 Montepul·

613 3676 776 3722 ciano
816 3672 883 3722 ad
921 3672 1178 3737 oppidum
1218 3672 1269 3719 S.
1310 3671 1457 3720 Galli
1490 3673 1932 3732 devenissemus,
1973 3671 2369 3720 bibliothecam
2407 3671 2641 3735 ingressi
2680 3674 2896 3722 Iasonis
2932 3674 3213 3739 Argonau-

613 3758 763 3806 ticon
790 3773 823 3806 a
850 3756 911 3805 C.
941 3755 1161 3805 Valerio
1189 3755 1394 3805 Flacco
1422 3756 1625 3805 editum
1655 3757 1991 3807 carminibus
2028 3756 2325 3805 luculentis
2365 3762 2529 3820 atque
2569 3757 2831 3820 gravibus
2859 3774 2891 3806 a
2917 3759 3213 3807 maiestate

615 3842 847 3891 metrica
883 3840 1106 3890 minime
1147 3840 1570 3889 abhorrentibus
1607 3841 1942 3889 invenimus:
1984 3841 2184 3890 deinde
2225 3847 2553 3906 argumenta
2592 3843 2860 3906 quaedam
2888 3841 3069 3892 soluta
3093 3859 3213 3893 ora-

612 3928 763 3976 tione
804 3926 1063 3975 confecta
1100 3940 1262 3990 super
1300 3924 1511 3990 aliquot
1536 3926 1822 3975 Ciceronis
1860 3926 2220 3988 orationibus,
2264 3942 2328 3974 ex
2357 3926 2553 3989 quibus
2580 3926 2734 3975 multi
2763 3941 3052 3976 causarum
3080 3928 3215 3977 ritus

612 4011 927 4074 multaeque
964 4011 1170 4059 veteris
1209 4011 1450 4059 instituti
1489 4012 1758 4074 puritates
1797 4016 1988 4076 aperte
2028 4011 2286 4076 cognosci
2325 4017 2568 4075 possunt.
2640 4016 2892 4075 repertus
2927 4016 3013 4061 est
3048 4012 3216 4061 etiam

611 4095 753 4146 liber
790 4094 1010 4160 quidam
1050 4094 1321 4143 volumine
1359 4110 1575 4158 parvus,
1618 4096 1997 4160 magnitudine
2039 4102 2220 4145 autem
2262 4095 2610 4159 eloquentiae
2651 4096 3084 4160 prudentiaeque
3123 4113 3215 4145 ex-

616 4180 1075 4238 cellentissimus,
1124 4179 1455 4228 Lactantius
1502 4181 1725 4230 scilicet
1771 4182 1836 4230 de
1888 4188 2116 4245 utroque
2165 4179 2412 4243 homine,
2466 4179 2556 4229 nbi
2604 4180 2768 4245 plane
2807 4181 3015 4229 refellit
3051 4197 3217 4230 sensa

616 4280 830 4328 eorum,
883 4264 973 4328 qui
1029 4263 1321 4312 humanam
1372 4264 1746 4314 conditionem
1794 4264 2101 4314 belluarum
2149 4270 2299 4315 statu
2345 4264 2690 4313 humiliorem
2747 4266 3215 4330 deiectioremque

615 4354 958 4399 asseverant.
1030 4349 1174 4396 inter
1220 4364 1351 4412 quos
1388 4350 1670 4399 Vitruvius
1719 4350 1784 4399 de
1836 4349 2211 4398 architectura
2259 4356 2424 4414 atque
2463 4349 2782 4399 Priscianus
2820 4352 3216 4413 grammaticus

615 4434 884 4498 quaedam
911 4433 1130 4497 Virgilii
1159 4434 1405 4483 earmina
1432 4442 1808 4483 commentans
1847 4434 2056 4483 inventi
2095 4440 2234 4484 sunt.
2301 4440 2422 4483 erat
2457 4438 2750 4498 praeterea
2787 4435 2841 4483 in
2881 4433 2979 4483 illa
3015 4434 3213 4483 biblio·

614 4519 782 4566 theca
817 4518 960 4567 liber
998 4517 1214 4581 quidam
1253 4534 1319 4569 ex
1358 4519 1655 4569 corticibus
1693 4519 1973 4568 arborum:
2026 4519 2116 4581 qui
2156 4518 2394 4568 cortices
2432 4519 2633 4568 Latino
2671 4535 2919 4568 sermone
2958 4516 3085 4569 libri
3121 4535 3215 4569 vo·

616 4607 841 4657 cantur,
894 4601 1062 4661 unde,
1115 4603 1567 4667 quemadmodum
1619 4604 1763 4668 apud
1802 4604 2194 4665 Hieronymum
2248 4610 2356 4664 est,
2410 4603 2536 4653 libri
2584 4620 2735 4654 suum
2785 4620 2983 4654 nomen
3029 4606 3216 4669 adepti

616 4692 758 4735 sunt.
834 4688 879 4734 is
917 4701 1245 4751 quamquam
1283 4703 1390 4736 non
1431 4688 1716 4738 admodum
1745 4690 2008 4737 bonarum
2036 4687 2426 4751 scripturarum
2454 4689 2691 4737 rcfcrtsss
2717 4689 3017 4754 plenusque
3048 4695 3213 4752 esset,

618 4773 805 4817 tamen
852 4777 1075 4835 propter
1120 4770 1271 4819 illam
1318 4778 1571 4821 sanctam
1616 4774 2092 4836 incorruptamque
2142 4777 2476 4821 vetustatem
2514 4788 2724 4822 summa
2762 4788 2882 4823 cum
2920 4774 3215 4825 devotione

617 4850 934 4915 complexus
971 4868 1106 4904 sum.
1182 4856 1368 4904 horum
1407 4857 1624 4921 quidem
1661 4858 1899 4907 omnium
1937 4856 2198 4906 librorum
2239 4856 2490 4921 exempla
2527 4857 2828 4912 habemus'.
