3576 5595
1187 1337 1328 1430 ΒΕ
1431 1336 2198 1432 ACCENTlBVS.

516 1720 558 1759 p.
582 1709 696 1746 12³5.
726 1709 776 1746 ὃὸ
806 1707 850 1746 1·.
2562 1719 2606 1759 p.
2635 1708 2812 1748 360—62
2836 1709 2890 1749 K.

583 1795 801 1856 Littera
860 1804 949 1855 est
999 1802 1134 1855 nota
1183 1795 1484 1866 elementi,
1539 1814 1685 1873 quae
1731 1813 1863 1853 cum
1908 1793 2184 1854 scribitur
2239 1803 2295 1854 et
2335 1794 2391 1853 in
2439 1814 2579 1854 voce
2631 1796 2867 1857 minima
2907 1806 3055 1858 re·1
3100 1808 3121 1859 1

411 1906 611 1966 sonat,
670 1895 811 1956 nihil
858 1895 1011 1957 aliud
1071 1914 1246 1973 quain
1297 1905 1433 1956 nota
1492 1897 1562 1955 ad
1611 1896 2046 1956 informandum
2094 1895 2443 1955 elementum
2493 1915 2626 1957 esse
2685 1899 2992 1977 reperitur.

412 1998 516 2057 sed
570 2017 702 2058 cuin
771 2017 836 2057 ex
886 2017 1032 2057 sono
1086 1998 1143 2058 in
1215 2016 1412 2058 vocem
1471 1997 1902 2076 prorumpitur,
1952 1996 2221 2058 elementi
2267 1995 2615 2057 vocabulum
2658 1995 2666 2080 Ι
2707 2000 2993 2078 concipit,

362 2115 388 2154 5
416 2099 597 2175 quod,
643 2099 782 2158 dum
814 2099 960 2159 ratio
1005 2099 1081 2158 ita
1121 2117 1253 2158 sese
1283 2098 1522 2170 habeat,
1571 2099 1736 2176 quasi
1768 2097 1958 2177 imago
1999 2098 2172 2160 liuius
2214 2097 2298 2158 rei
2326 2116 2459 2158 esse
2491 2098 2732 2173 videtur,
2780 2101 2997 2180 quippe

413 2219 542 2260 cuni
593 2219 660 2259 ex
703 2210 837 2261 aere
869 2219 1154 2280 percusso
1197 2200 1312 2259 ictu
1353 2200 1586 2276 linguae
1630 2209 1892 2274 constat,
1940 2200 2093 2260 unde
2136 2219 2243 2260 vox
2288 2201 2587 2261 formatur.
2679 2221 2784 2262 vox
2831 2221 2994 2262 nam·
3033 2216 3065 2263 2

412 2319 524 2378 que
569 2321 783 2381 corpus
828 2321 962 2362 esse
1014 2301 1359 2361 ostenditur.
1450 2321 1584 2361 nam
1634 2310 1692 2361 et
1733 2303 1782 2362 si
1831 2322 2046 2382 corpus
2093 2321 2208 2363 non
2262 2310 2451 2374 esset,
2497 2286 2730 2363 auditus
2771 2302 2997 2363 aurium

412 2403 649 2463 minime
684 2404 732 2463 vi
783 2412 1206 2484 percuteretur.
1298 2403 1403 2464 sed
1448 2423 1582 2464 cum
1619 2404 1804 2481 tangit
1847 2404 2107 2464 auditum
2150 2411 2206 2463 et
2249 2402 2584 2464 reverberat
2625 2405 2997 2479 elementum,

415 2505 703 2583 tripertito
755 2504 1059 2581 dividitur,
1109 2487 1412 2590 altitudine
1471 2505 1694 2566 seilicet
1747 2506 2053 2565 latitudine
2097 2505 2477 2583 longitudine.
2567 2505 2746 2566 habet
2784 2507 3001 2586 quippe

345 2626 394 2667 10
417 2605 601 2665 littera
660 2606 1021 2665 altitudinem
1080 2606 1137 2665 in
1193 2607 1696 2685 pronuntiatione,
1754 2607 2119 2667 latitudinem
2173 2607 2231 2666 in
2293 2606 2531 2685 spiritu,
2579 2607 3000 2686 longitudinem

412 2708 470 2767 in
517 2715 811 2786 temporo,
859 2707 971 2765 hoc
1026 2714 1116 2766 est
1162 2719 1216 2767 et
1263 2708 1376 2767 alte
1421 2716 1478 2767 et
1529 2708 1642 2767 late
1688 2716 1740 2767 et
1788 2707 1961 2786 longe
2007 2708 2255 2770 auditur.
2348 2708 2565 2768 habent
2612 2710 2785 2769 etiam
2830 2710 2999 2788 sylla·
3034 2721 3065 2771 3

414 2811 520 2870 bae
562 2830 732 2870 suum
784 2810 1168 2881 elementum,
1224 2811 1377 2887 quod
1422 2811 1727 2889 productio
1785 2809 2016 2869 dicitur.
2108 2809 2208 2868 sed
2248 2810 2402 2870 inter
2449 2810 2802 2871 elementum
2849 2811 3003 2870 litte-

413 2932 606 2972 rarum
668 2920 725 2970 et
789 2910 1137 2988 syllabarum
1195 2912 1306 2971 boc
1368 2912 1585 2994 distare
1645 2910 1900 2980 videtur,
1943 2910 2109 2997 ‘quod
2159 2910 2445 2971 elementa
2492 2912 2813 2971 litterarum
2864 2920 3002 2971 suut

414 3015 574 3093 ipsae
614 3014 1150 3092 pronuntiationes,
1195 3013 1543 3091 syllabarum
1587 3013 1748 3092 ipsae
1795 3012 2233 3091 productiones,
2325 3013 2463 3090 quid
2512 3023 2602 3071 est
2647 3013 2798 3072 enim
2843 3013 2998 3072 aliud

348 3135 394 3175 ιτ)
414 3115 766 3176 elementum
824 3134 996 3192 quain
1037 3135 1175 3195 pars
1225 3115 1462 3175 minima
1508 3114 1757 3193 partium
1791 3110 1818 3195 ΙΙ
1850 3113 2006 3174 vocis
2049 3112 2431 3173 articulatae?
2477 3112 2617 3173 illud
2662 3133 2796 3174 vero
2842 3114 2997 3191 quod

412 3225 674 3276 remanet
732 3224 868 3276 nota
924 3217 1010 3276 vel
1064 3219 1245 3294 ligura
1286 3217 1295 3297 Ι
1338 3215 1609 3276 elementi
1663 3223 1769 3275 est.
1863 3214 2031 3274 distat
2082 3221 2277 3274 autem
2320 3214 2461 3275 illud
2513 3215 2665 3275 inter
2711 3216 2997 3276 elementa

413 3327 468 3378 et
521 3318 773 3390 litteras,
829 3319 982 3396 quod
1041 3318 1328 3377 elementa
1386 3317 1617 3396 proprie
1672 3317 1835 3396 ipsae
1894 3315 2401 3393 pronuntiationes
2455 3318 2765 3389 dicuntur,
2824 3326 2997 3376 notae

410 3428 604 3479 autem
652 3438 852 3479 eurum
895 3418 1141 3479 litterae.
1222 3420 1325 3480 sed
1371 3419 1606 3479 abusive
1652 3418 1937 3478 elementa
1969 3437 2075 3496 pro
2121 3415 2327 3478 litteris
2375 3428 2433 3479 et
2474 3418 2699 3478 litterae
2734 3437 2838 3498 pro
2877 3417 2994 3478 ele·
3031 3420 3063 3467 4

413 3522 623 3581 inentis
671 3530 967 3581 vorantur.
1058 3540 1190 3581 nam
1253 3521 1406 3581 aliud
1453 3529 1542 3581 est
1587 3521 1778 3581 littera
1823 3539 1972 3597 quae
2018 3518 2270 3593 videtur,
2326 3521 2479 3581 aliud
2522 3520 2675 3597 quod
2718 3540 2824 3599 per
2869 3540 2995 3581 eam
3132 3539 3156 3549 ·

342 3640 393 3679 πο
416 3623 722 3700 colligitur.
815 3623 1082 3683 videntur
1126 3642 1377 3701 namque
1423 3622 1650 3683 litterae
1697 3630 1797 3683 aut
1832 3621 2040 3698 longae
2082 3640 2213 3681 esse
2252 3612 2352 3682 aut
2394 3623 2681 3682 rotundae
2723 3631 2822 3683 aut
2854 3642 2996 3701 qua·

412 3725 627 3784 dratae.
719 3723 1010 3803 colligitur
1053 3743 1303 3801 namque
1356 3744 1461 3803 per
1504 3743 1604 3785 eas
1652 3744 1745 3785 res
1803 3732 1964 3801 gesta
2018 3722 2302 3791 alicuius,
2350 3724 2488 3784 dum
2540 3724 2892 3803 colliguntur
2936 3724 2993 3784 in

412 3825 677 3905 syllabis,
711 3826 782 3885 de
826 3826 1057 3904 syllabis
1091 3828 1148 3886 in
1195 3825 1492 3905 partibuS,
1539 3826 1612 3886 de
1658 3826 1923 3904 partibus
1968 3826 2028 3885 in
2075 3825 2454 3886 orationibus
2527 3825 2629 3885 sed
2676 3846 2785 3886 nos
2830 3825 2995 3886 locu-

414 3928 525 3988 turi
572 3928 644 3987 de
686 3928 950 4007 partibus
991 3928 1061 3988 ad
1108 3938 1447 3999 accentum,
1497 3926 1594 4003 qui
1642 3928 1699 3986 in
1748 3914 2102 3987 dictionibus
2152 3928 2520 3986 necessarius
2564 3936 2683 3997 est,
2730 3935 2996 3987 transea-

413 4049 563 4090 mus.
615 4028 808 4109 [cuius
854 4030 1195 4108 mysterium
1242 4030 1558 4108 praebente
1605 4030 1714 4089 deo
1759 4029 1934 4089 vitam
1982 4029 2154 4088 latius
2200 4028 2571 4107 tractemus.]

342 4147 395 4187 25
583 4134 870 4191 Accentus
904 4150 1154 4208 namque
1186 4139 1277 4190 est
1313 4140 1470 4191 certa
1505 4131 1591 4190 lex
1635 4141 1691 4190 et
1731 4129 1929 4207 regula
1970 4130 2040 4189 ad
2085 4129 2420 4189 elevandam
2453 4138 2507 4189 et
2551 4130 2990 4208 deprimendam
3031 4143 3083 4193 11
3131 4146 3163 4195 5

414 4232 691 4312 syllabam
722 4234 1183 4310 uniuscuiusque
1206 4232 1525 4311 partic-ulae
1561 4232 1860 4303 orationis,
1890 4231 1988 4309 qui
2018 4233 2079 4291 lit
2110 4232 2182 4291 ad
2208 4232 2643 4293 similitudinem
2679 4231 2994 4292 elemento-

413 4354 564 4410 rum,
610 4335 931 4395 litterarum
964 4333 1447 4413 syllabarumque,
1483 4333 1578 4410 qui
1612 4333 1784 4392 etiam
1825 4333 2114 4411 tripertito
2141 4333 2441 4407 dividitur,
2481 4344 2653 4394 acuto
2686 4327 2844 4411 gravi
2882 4334 2996 4394 cir-

553 4537 801 4572 muscum
850 4536 1167 4573 unanimum!
1221 4535 1285 4569 os
1327 4534 1631 4571 scommatis
1681 4535 1829 4569 unca
1864 4533 2049 4569 mcwn·
2088 4518 2150 4567 Η
2281 4517 2313 4569 3
2349 4519 2413 4568 ad
2453 4518 2773 4569 formandum
2811 4522 2855 4571 G

416 4593 677 4657 experitur
711 4593 815 4641 GH
855 4592 1162 4655 comperitur
1197 4605 1233 4645 ς
1371 4590 1404 4639 5
1443 4590 1578 4653 quod
1617 4605 1728 4638 cum
1772 4602 1805 4644 ς
1947 4590 1975 4636 7
2016 4603 2129 4636 nom
2168 4588 2212 4637 si
2252 4603 2284 4645 ς
2425 4590 2458 4638 8
2494 4592 2593 4638 uim
2635 4592 2839 4639 minime
2878 4606 2993 4656 per-

416 4672 607 4710 cuteret
643 4662 840 4710 llinde
878 4661 1082 4709 minime
1115 4668 1400 4725 percuteret
1438 4660 1606 4709 codem
1645 4659 2000 4721 Groninqanus
2112 4658 2165 4707 11
2205 4670 2291 4709 aut
2325 4659 2422 4709 alte
2459 4669 2544 4708 aut
2585 4660 2683 4709 late
2721 4669 2806 4709 aut
2843 4662 2997 4727 longe

417 4731 518 4779 GH
659 4731 723 4781 16
775 4732 904 4779 inter
946 4730 1246 4778 elementum
1286 4729 1387 4778 Gli
1530 4731 1590 4779 17
1640 4728 1774 4791 quod
1823 4729 2125 4776 elementum
2173 4729 2274 4778 GH
2410 4732 2477 4779 24
2528 4731 2676 4779 cuius
2707 4756 2769 4767 ·—-
2816 4741 2998 4781 tracte-

416 4816 528 4847 mus
566 4815 657 4850 om.
690 4800 733 4848 G
872 4799 1197 4849 tractabimus
1226 4834 1240 4849 .
1269 4799 1483 4847 dicimus
1518 4799 1671 4863 igitur
1708 4798 1794 4859 qui
1823 4797 1889 4845 sit
1929 4806 2167 4847 accentus
2206 4799 2373 4848 codex
2407 4800 2673 4851 Leidensis
2706 4800 2821 4850 bibl.
2857 4801 2997 4864 publ.

420 4868 544 4918 186:
584 4869 810 4916 dicamus
849 4868 968 4930 qnid
1009 4868 1075 4917 sit
1111 4874 1347 4916 accentus
1377 4868 1500 4917 add.
1533 4883 1705 4916 munus
1738 4870 1992 4917 recentior
2022 4868 2075 4915 in
2116 4866 2172 4914 H
