3576 5595
498 432 623 497 234
786 489 806 508 ,
1486 425 1858 493 PRISClANI
1904 428 2091 492 lNST.

604 547 946 602 p.1136.371>.
2651 548 2815 603 p.131.
2846 549 2896 592 ³2
2927 548 2980 592 x.

502 610 779 683 varum:
838 618 1023 681 nihil
1076 618 1195 680 hic
1240 616 1796 679 munitissimus
1848 617 2171 680 habendi
2235 627 2543 681 senatus
2595 620 2831 682 locus.
2923 623 3084 685 simi-

500 725 633 785 liter
676 723 925 785 dicimus
985 720 1251 799 ‘legendi
1296 720 1511 799 Virgilii
1558 739 1732 781 causa
1772 720 1977 798 vigilo,
2043 722 2292 799 legendo
2341 721 2572 799 Virgilio
2615 723 2816 801 vigilo,
2883 724 3082 801 legen-

500 827 638 888 dum
682 824 979 903 Virgilium
1031 832 1207 904 puto,
1276 821 1347 882 ad
1400 823 1408 899 Ι
1458 821 1770 900 legendum
1831 823 2125 901 Virgilium
2181 824 2377 897 venio,
2445 824 2504 883 iu
2560 824 2803 902 legendo
2846 827 3077 904 Virgilio

497 929 758 1003 laboro'3
821 926 1099 987 feminino
1146 924 1411 986 similiter
1453 923 1876 985 ‘celebrandae
1913 925 2140 986 virtutis
2185 926 2370 1002 gratia
2409 926 2639 988 scribo'
2683 935 2738 987 et
2782 927 3080 1006 pluraliter

497 1030 991 1092 ‘invocandamm
1036 1027 1332 1088 Musarum
1378 1025 1560 1104 gratia
1609 1025 1859 1087 scribo'.
1949 1027 2230 1105 gerundia
2279 1046 2415 1089 vero
2460 1028 2683 1089 eisdem
2729 1029 3129 1090 terminatio-5

500 1133 673 1194 nibus
714 1140 771 1192 et
809 1149 1023 1209 genera
1064 1130 1288 1190 diversa
1335 1135 1393 1188 et
1448 1147 1624 1189 casus
1673 1127 1851 1187 verbo
1905 1147 2013 1189 suo
2066 1147 2360 1206 congruos
2414 1138 2640 1191 tantum
2694 1138 2754 1190 et
2807 1138 3086 1209 utrosque

501 1254 780 1296 numeros
822 1232 933 1294 sibi
981 1231 1373 1308 coniungunt,
1436 1237 1502 1289 ut
1543 1228 1808 1306 ‘legendi
1851 1229 2181 1307 Virgilium’
2232 1240 2290 1291 et
2334 1231 2635 1292 ‘Musam’
2681 1240 2741 1293 et
2781 1232 3088 1309 ‘Musas’;

499 1337 766 1399 similiter
809 1335 1083 1414 ‘legendo
1130 1331 1462 1412 Virgilium,
1505 1330 1754 1410 legendo
1800 1330 2056 1407 Musas’3
2106 1341 2164 1393 et
2205 1333 2542 1412 ‘legendum
2586 1341 2679 1395 est
2719 1330 2862 1393 mihi
2908 1334 3088 1413 Virgi-

500 1439 664 1502 lium’
713 1447 770 1498 et
815 1438 1078 1498 ‘Musas'.

397 1542 465 1593 64
675 1539 884 1600 Omnia
928 1537 1102 1599 verba
1146 1535 1444 1597 transitiva
1488 1535 1574 1595 vel
1620 1534 1889 1613 genetivo
1926 1535 2014 1596 vel
2054 1536 2244 1597 dativo
2285 1536 2375 1596 vel
2418 1536 2750 1598 accusativo
2797 1537 2884 1597 vel
2929 1538 3088 1599 abla·
3117 1556 3165 1596 10

499 1642 613 1703 tivo
652 1641 1075 1718 adiunguntur,
1118 1646 1183 1699 ut
1218 1639 1388 1715 ‘egeo
1426 1637 1542 1710 tui,
1588 1637 1833 1697 insidior
1873 1637 2014 1709 tibi,
2053 1646 2252 1699 metuo
2290 1646 2378 1709 te,
2424 1639 2587 1699 fruor
2622 1637 2719 1699 illa
2753 1641 2864 1700 re’.
2948 1659 3087 1718 ergo

497 1745 547 1805 si
593 1743 1025 1821 coniungantur
1077 1740 1193 1801 duo
1245 1738 1449 1813 verba,
1517 1757 1764 1817 quorum
1810 1739 2059 1800 alterum
2105 1739 2183 1801 sit
2224 1739 2547 1813 inlinitum,
2617 1741 2857 1801 eosdem
2913 1761 3087 1803 casus

459 1845 878 1918 ,asciscentia,
938 1845 1001 1904 fit
1045 1841 1359 1916 dubitatio,
1422 1848 1486 1902 ut
1545 1840 1846 1901 ‘misereri
1894 1840 1977 1900 tui
2034 1848 2165 1917 eget
2215 1842 2445 1901 animus
2493 1840 2671 1902 mei’:
2741 1861 2874 1903 cum
2930 1845 3084 1906 enim

500 1957 811 2027 utrumque
861 1944 1100 2006 verbum
1147 1943 1414 2022 genetivo
1463 1941 1649 2003 soleat
1691 1942 1886 2020 iungi,
1944 1941 2185 2003 dubium
2245 1952 2366 2016 est,
2425 1943 2593 2004 euius
2636 1944 2867 2006 animus
2909 1947 3088 2006 mise-

392 2054 460 2106 65
496 2058 694 2111 reatur
736 2050 826 2110 vel
868 2056 1053 2128 egeat.
1142 2044 1411 2107 similiter
1450 2062 1557 2123 per
1593 2043 1817 2104 dativos
1864 2043 2036 2104 ‘male
2072 2043 2267 2105 dicere
2297 2044 2401 2105 tibi
2441 2044 2636 2124 placet
2678 2046 2846 2106 milii'
2887 2056 2944 2108 et
2980 2067 3086 2127 per
3114 2066 3161 2106 15

495 2153 857 2215 accusativos
914 2148 1127 2229 ‘cupio
1184 2155 1242 2207 te
1299 2147 1532 2207 vincere
1586 2150 1713 2207 me’
1764 2154 1824 2205 et
1879 2164 1985 2225 per
2031 2144 2313 2227 ablativos
2371 2146 2618 2224 ‘dignor
2679 2147 2863 2224 gloria
2909 2150 3082 2229 potiri

492 2255 707 2316 laude'.
798 2252 1038 2314 dubium
1080 2258 1171 2311 est
1210 2249 1394 2322 enim,
1433 2266 1566 2309 cum
1609 2246 1844 2324 utrique
1882 2266 2056 2308 casus
2101 2246 2322 2308 similes
2367 2248 2484 2309 sint
2528 2256 2585 2309 et
2631 2250 2862 2328 utrique
2907 2252 3083 2313 verbo

496 2354 789 2439 conl'grue
843 2353 1075 2435 possint
1138 2351 1352 2431 aptari,
1427 2350 1559 2426 quis
1617 2349 1708 2409 eui
1765 2347 2059 2437 reddatur.
2151 2356 2209 2407 et
2252 2349 2444 2428 aptius
2490 2350 2727 2428 quidem
2773 2362 2864 2413 est
2902 2354 3081 2433 priori

493 2459 652 2521 casui
694 2458 858 2537 prius
898 2454 1108 2517 sociari
1148 2452 1408 2523 verbum.
1501 2451 1604 2511 sed
1650 2457 1922 2510 auctores
1968 2450 2442 2528 frequentissime
2486 2452 2856 2532 hyperbatiS,
2901 2455 2959 2516 id
2993 2465 3085 2518 est

494 2558 966 2632 transitionibus,
1013 2564 1283 2628 utuntur,
1331 2562 1421 2615 ut:
3105 2570 3157 2612 20

797 2661 953 2734 Aio,
1000 2667 1099 2731 te,
1147 2655 1498 2726 Aeacida,
1544 2655 1913 2715 Romanos
1962 2653 2263 2714 vincere
2307 2674 2568 2734 posse;

496 2773 586 2828 est
631 2764 783 2826 enim
831 2761 973 2824 ordo
1021 2762 1100 2838 [te
1143 2755 1408 2836 Aeacida]
1457 2755 1728 2818 ‘Romani
1770 2764 1826 2818 te
1871 2761 2121 2836 possunt
2165 2756 2444 2832 vincere’,
2500 2757 2658 2836 quod
2702 2765 2760 2820 et
2803 2758 3080 2820 naturali-

496 2877 584 2930 ter
625 2865 933 2950 passiones
979 2861 1274 2934 secundae
1318 2867 1457 2920 suut
1492 2860 1792 2921 actiomnn
1834 2865 1893 2919 et
1941 2857 2092 2920 actio
2139 2859 2200 2920 in
2243 2859 2554 2936 Romanis,
2599 2861 2796 2941 passio
2843 2881 2976 2923 vero
3019 2862 3079 2923 in

635 3060 660 3109 l
700 3057 867 3108 Nichil
904 3059 956 3108 N
1127 3053 1500 3106 monitissimus
1536 3051 1586 3099 P
1754 3053 1787 3102 2
1825 3050 2061 3117 Virgilii]
2098 3054 2174 3102 sic
2205 3053 2454 3118 uergilius
2493 3057 2572 3105 vel
2609 3053 2757 3122 uei-gi
2786 3056 2880 3106 hoc
2910 3073 3080 3108 nomen

494 3146 599 3180 cum
634 3130 703 3179 al.
740 3130 821 3178 hic
854 3137 902 3178 et
934 3128 984 3176 in
1019 3144 1130 3192 sqq.
1168 3125 1345 3176 scribit
1379 3124 1428 3171 P
1565 3120 1762 3187 uirgilii
1801 3137 1954 3171 causa
1992 3123 2201 3189 uirgilio
2241 3123 2306 3172 M
2338 3125 2530 3190 uirgilii
2565 3141 2720 3176 causa
2760 3126 2890 3178 facio
2925 3127 2967 3174 S

495 3215 698 3250 cansam
738 3201 785 3250 L
955 3196 1172 3264 legendo
1213 3194 1416 3260 uirgilio
1455 3190 1670 3256 uirgilw
1708 3193 1868 3257 uigilo
1895 3192 1960 3256 (i)
2005 3193 2050 3241 L
2227 3193 2260 3242 3
2294 3203 2416 3258 puto
2454 3195 2535 3243 uel
2571 3197 2638 3246 ad
2677 3197 2831 3247 Mol„
3005 3198 3080 3246 in-

492 3271 781 3334 fflllegendo
812 3270 892 3320 Βι-
1055 3270 1089 3317 4
1122 3266 1312 3315 laboro,
1348 3260 1615 3326 feminino]
1651 3263 1725 3312 sic
1759 3278 1828 3312 ea:
1865 3276 2005 3313 corr.
2045 3277 2075 3309 r
2110 3262 2303 3312 labore.
2341 3265 2390 3313 in
2432 3263 2676 3318 feminino
2710 3267 2855 3318 ODN
3012 3267 3080 3314 si-

494 3343 683 3393 militer
718 3353 909 3406 genere
946 3335 1247 3386 celebrande
1285 3335 1334 3382 P
1473 3328 1543 3395 et]
1582 3330 1665 3380 uel
1698 3334 1746 3381 L
1886 3330 2167 3397 pluraliter]
2205 3349 2235 3381 r
2269 3332 2390 3397 plur
2422 3334 2469 3382 L
2505 3335 2624 3400 plur
2659 3338 2701 3388 R
2842 3336 2876 3386 6
2912 3344 3076 3386 mms-

495 3410 613 3476 que]
656 3411 691 3459 d
724 3419 937 3470 utroque
974 3408 1022 3455 D
1182 3407 1212 3455 7
1247 3411 1363 3467 post
1399 3409 1446 3451 et
1481 3401 1676 3450 Musas:
1712 3400 1950 3452 similiter
1986 3428 2057 3438 —
2095 3413 2143 3452 et
2179 3403 2352 3455 Musas
2386 3419 2477 3458 om.
2517 3405 2560 3454 S
2709 3406 2742 3456 8
2780 3415 2828 3455 et
2863 3406 3078 3470 legendo

494 3496 663 3531 musas
701 3487 750 3528 et
786 3477 1057 3544 legendum
1097 3474 1222 3525 mihi
1260 3484 1335 3523 est
1369 3471 1643 3536 uergilium
1679 3483 1727 3522 et
1764 3471 2040 3536 legendum
2077 3481 2153 3521 est
2191 3472 2314 3522 mihi
2355 3488 2527 3524 musas
2570 3476 2617 3524 P
2754 3477 2818 3525 10
2855 3491 2920 3525 ns
2955 3491 3078 3526 vnn-

492 3566 570 3602 ms
609 3563 922 3600 Tniusirivis
956 3549 1111 3596 inser.
1151 3545 1199 3593 N
1338 3543 1602 3592 transitiva
1630 3555 1722 3594 om.
1757 3541 1823 3590 M
1979 3542 2039 3592 ll
2081 3542 2428 3606 adiunguntur
2459 3560 2573 3609 sup.
2609 3547 2694 3594 lin.
2735 3546 2854 3596 add.
2894 3546 2945 3593 rt

493 3636 618 3686 egeo
654 3617 750 3684 tui]
789 3635 820 3667 r
856 3632 954 3682 ego
994 3616 1065 3664 tui
1098 3617 1142 3665 R
1179 3613 1423 3662 misereor
1456 3624 1551 3675 ego
1592 3613 1663 3660 tui
1703 3614 1749 3661 D
1787 3612 2031 3660 misereor
2063 3627 2190 3677 egeo
2231 3614 2302 3661 tui
2339 3615 2377 3663 d
2412 3630 2509 3679 ego
2540 3616 2610 3663 tui
2640 3616 2881 3664 misereor
2906 3614 2948 3660 Ο
2981 3630 3077 3678 ego

494 3694 737 3740 misereor
775 3690 847 3738 tui
888 3686 936 3735 L
971 3699 1066 3751 ego
1101 3686 1192 3735 tui.
1236 3684 1479 3731 misereor
1516 3681 1605 3729 tui.
1638 3678 1680 3728 S
1830 3678 1990 3745 fruor]
2031 3682 2170 3731 furor
2207 3683 2256 3731 P
2393 3683 2481 3732 illa
2514 3681 2594 3748 re]
2629 3686 2667 3734 d
2700 3683 2852 3731 allai-e
2889 3684 2937 3730 D

496 3763 558 3812 12
597 3761 672 3824 sic
711 3761 758 3808 D
928 3754 991 3805 13
1029 3751 1352 3815 asciscentia]
1390 3752 1436 3801 R
1475 3766 1545 3800 ea:
1579 3764 1719 3803 corr.
1760 3749 2100 3800 adsciscentia
2136 3751 2350 3815 (Mon)
2381 3753 2709 3802 assciscentia
2747 3755 2796 3802 Ν
2832 3751 3077 3802 adciscis-

492 3832 658 3880 centia
692 3828 743 3876 P
774 3825 1057 3876 adseientia
1092 3825 1138 3875 B
1172 3840 1233 3874 m.
1265 3836 1349 3884 pr.
1517 3818 1638 3883 mei]
1678 3817 1758 3869 nis
1795 3820 1846 3869 P
2022 3822 2086 3870 14
2122 3822 2314 3871 solaeat
2347 3822 2394 3872 R
2570 3822 2632 3873 15
2666 3822 2967 3871 maledicere
3007 3839 3079 3871 ιη-

493 3901 620 3950 male
652 3897 811 3948 dicire
848 3911 985 3946 corr.
1020 3893 1065 3941 L
1212 3892 1275 3941 16
1316 3901 1369 3938 ut
1407 3892 1557 3954 cupio
1596 3889 1638 3937 S
1775 3891 1968 3939 uincire
2011 3891 2057 3939 L
2197 3907 2278 3940 me
2314 3892 2436 3940 add.
2473 3907 2503 3940 r
2657 3893 2716 3942 17
2756 3891 2961 3956 laudere
3003 3893 3080 3941 [ἐν

630 3983 781 4019 casus
819 3983 910 4017 om.
948 3964 989 4013 S
1144 3959 1361 4026 similes]
1402 3959 1439 4007 d
1474 3959 1641 4008 simile
1679 3959 1774 4007 PD
1939 3959 2001 4010 18
2038 3976 2294 4025 congruae
2327 3961 2373 4010 R
2536 3958 2758 4027 possint]
2797 3978 2828 4009 r
2863 3972 3078 4028 possum

491 4039 538 4089 R
679 4039 793 4101 quis
831 4037 946 4098 quis
981 4034 1062 4082 eui
1102 4035 1147 4082 L
1306 4031 1387 4078 cui
1427 4030 1580 4078 uerbo
1620 4029 1860 4079 reddatur
1899 4029 1940 4077 Ο
2096 4040 2172 4079 est
2210 4030 2415 4094 quidem
2451 4029 2502 4078 P
2640 4039 2717 4080 est
2749 4046 2839 4084 om.
2877 4032 2940 4080 M

691 4109 792 4119 ........

496 4142 560 4192 19
596 4140 758 4207 prius]
798 4140 913 4206 plus
948 4136 990 4186 S
1150 4134 1325 4185 sotiari
1362 4132 1408 4182 D
1570 4129 1823 4196 auctores]
1864 4150 1895 4182 r
1924 4141 2119 4184 adores
2156 4133 2201 4183 R
2365 4148 2679 4184 urrannnls
2717 4134 2858 4184 DSL
2900 4151 3078 4185 nvner-

494 4213 626 4262 batis
660 4212 719 4260 M
892 4211 961 4258 20
1006 4204 1306 4260 trasitiouib3
1351 4202 1399 4249 P
1576 4201 1706 4250 Eun.
1748 4218 1865 4255 ann.
1918 4204 1986 4251 Vl
2037 4202 2070 4251 8
2109 4218 2162 4265 p.
2207 4202 2273 4252 78
2310 4201 2375 4250 E.
2416 4203 2471 4251 S.
2513 4205 2577 4252 Vl
2619 4206 2649 4252 7
2682 4219 2738 4266 p.
2775 4205 2843 4255 30
2890 4207 3075 4260 Velm:

494 4283 775 4332 Ennianum
818 4294 1012 4330 versum
1060 4293 1171 4326 esse
1218 4274 1363 4322 docet
1400 4273 1575 4321 Cicero
1620 4274 1685 4322 de
1731 4272 1831 4323 div.
1888 4274 1930 4321 ll
1971 4272 2066 4328 56.
2108 4271 2204 4321 116
2254 4287 2472 4336 quosque
2508 4281 2787 4335 praeterea
2834 4283 2990 4325 testes
3032 4284 3079 4324 et

493 4351 937 4415 Spanyenberyius
978 4355 1026 4398 et
1080 4345 1335 4396 Valelemts
1377 4342 1602 4405 afferunt
1775 4341 1838 4392 21
1891 4342 1970 4390 aio
2008 4341 2207 4389 teacida
2241 4341 2292 4390 P
2462 4343 2670 4392 eaecida
2708 4345 2776 4394 M
2819 4346 2997 4394 eae-ida
3033 4345 3082 4392 N

495 4422 692 4470 aiacida
730 4422 775 4470 L
918 4413 1138 4480 vincere]
1175 4430 1204 4462 r
1240 4413 1383 4461 uince
1418 4412 1465 4461 lt
1625 4413 1691 4462 22
1735 4420 1810 4460 est
1848 4408 2004 4475 enim]
2044 4419 2091 4458 ct
2128 4419 2204 4460 est
2241 4409 2290 4459 P
2448 4409 2526 4476 [te
2564 4413 2825 4480 Aeacida]
2865 4415 3078 4465 Romani

1026 4499 1071 4539 id
1099 4504 1163 4538 est

494 4559 683 4622 scripsi
716 4566 764 4606 te
802 4555 1039 4606 aeaceida
1075 4552 1271 4602 romani
1310 4551 1388 4599 Ην
1435 4530 1808 4612 teacida⁰quod
1847 4548 2042 4596 romani
2077 4547 2128 4596 P
2176 4555 2223 4596 te
2261 4549 2470 4598 aeacida
2509 4549 2561 4598 id
2600 4557 2676 4599 est
2712 4552 2848 4613 quod
2886 4565 2992 4600 rom
3010 4551 3078 4598 ini

496 4627 537 4677 Ο
586 4636 633 4675 te
681 4627 885 4678 ean-ida
932 4626 985 4674 id
1028 4633 1103 4673 est
1151 4621 1287 4685 quod
1330 4621 1524 4669 romani
1561 4621 1608 4669 D
1657 4621 1739 4668 aio
1785 4633 1940 4683 posse
1988 4632 2224 4669 romanos
2259 4619 2463 4668 uincere
2501 4623 2550 4669 in
2585 4636 2678 4685 ''19-
2718 4621 2755 4670 d
2803 4622 2884 4670 aio
2926 4636 3079 4685 posse

966 4712 1009 4745 ιο

497 4776 732 4812 romanos
771 4764 971 4811 uincere
1012 4759 1219 4808 aeacida
1255 4758 1307 4806 id
1352 4764 1429 4807 est
1467 4757 1602 4819 quod
1643 4757 1836 4807 romani
1868 4754 1909 4805 S
1957 4757 2038 4805 aio
2085 4770 2321 4810 romanos
2359 4754 2558 4807 uincere
2595 4772 2749 4824 posse
2787 4765 2836 4807 te
2871 4757 3082 4807 aeacida

497 4863 699 4929 (eacida
736 4867 807 4926 N)
845 4864 899 4913 id
936 4871 1012 4912 est
1050 4863 1186 4924 quod
1223 4863 1419 4910 romani
1455 4859 1679 4925 (M)NL
1818 4859 2020 4923 possint
2043 4858 2144 4910 Ma
2280 4871 2496 4926 possunt
2531 4862 2733 4913 uincere
2753 4881 2867 4916 *μιν
2886 4853 3082 4928 (ροεεῖ)

494 4937 545 4986 L
707 4934 773 4986 23
811 4933 1031 4983 secunde
1071 4932 1189 4982 Pal.
1362 4931 1615 4983 actionum
1657 4938 1706 4979 et
1743 4929 1894 4994 actio]
1934 4946 1964 4978 r
1999 4931 2263 4982 accionum
2303 4940 2351 4982 et
2386 4934 2525 4983 accio
2559 4933 2655 4983 RD
