3576 5595
941 399 1441 462 PARTlTlONES
1485 399 1589 461 Xll
1636 398 1849 459 VERS.
1896 398 2063 459 AEN.
2111 399 2153 459 1.
2219 408 2445 463 26-—36
2873 396 2997 457 467

494 528 538 567 p.
574 516 674 554 1225
703 515 770 556 26.
802 515 848 555 p,
2556 525 2599 563 p.
2633 512 2806 552 τευ-91
2845 513 2897 553 κ.

391 586 546 664 quod
590 595 682 646 est
725 605 919 646 caveo.
1010 586 1082 646 ab
1130 605 1200 645 eo
1251 593 1441 646 tamen
1490 584 1815 664 composita
1861 585 1919 645 in
1970 583 2029 644 ui
2073 584 2290 644 divisas
2337 583 2555 643 faciunt
2595 584 2992 661 praeteritum,

392 688 641 747 concino
696 687 996 761 concinui,
1051 688 1292 747 succino
1341 687 1638 758 succ-inni,
1700 686 1908 746 occino
1952 685 2202 746 occinui.
2294 684 2397 743 Dic
2444 684 2745 764 participia
2790 685 2992 744 activa.
3027 694 3087 742 :31

395 790 628 848 Canens
685 797 743 847 et
798 796 1097 848 cauturus.
1191 789 1442 849 Passiva.
1537 789 1757 848 Cantus
1813 796 1869 846 et
1916 787 2234 846 canendus,
2326 785 2442 845 Fac
2486 784 2557 845 ab
2605 786 2690 846 eis
2737 787 2992 846 nomina.

394 890 616 950 Cantus
663 882 699 964 ἡ
732 882 862 971 ᾠδή
897 899 956 949 et
999 890 1192 950 cantii)
1224 898 1281 950 ct
1322 900 1530 950 cantor
1560 896 1618 949 ct
1658 890 1881 949 cantrix
1928 895 1984 947 et
2030 887 2348 960 cantilena,
2387 896 2447 946 et
2492 907 2521 947 a
2557 888 2995 965 frequentativis

351 991 542 1071 ⁵[duo
592 1001 785 1052 autem
832 999 988 1064 sunt,
1035 1000 1207 1051 canto
1251 1001 1309 1052 et
1351 990 1597 1070 cantito]
1649 998 1917 1049 cantatus
1964 997 2020 1048 et
2061 989 2315 1049 cantatio
2360 998 2418 1048 et
2459 998 2726 1049 cantator
2763 998 2820 1049 et
2859 1008 2996 1049 ran-

393 1093 580 1153 tatrix.
671 1093 1000 1153 concinnus
1042 1111 1275 1171 quoque
1320 1113 1351 1153 a
1399 1092 1664 1152 canendo
1705 1091 2094 1170 compositum
2142 1099 2251 1150 est.

561 1195 826 1255 Troiae
871 1212 1020 1271 quae
1070 1215 1203 1274 pars
1252 1193 1531 1255 orationis
1573 1192 1711 1254 est?
1767 1193 2013 1252 Nomen.
2106 1190 2332 1263 Quale?
2388 1189 2717 1269 Proprium.
2811 1194 2990 1254 Cuius
3026 1204 3091 1254 32

391 1295 650 1374 speciei?
722 1296 1095 1355 Derivativac.
1151 1293 1161 1378 Ι
1222 1315 1253 1355 a
1299 1297 1450 1357 Troe
1497 1281 1653 1355 enim
1705 1313 1846 1371 rege
1892 1294 2188 1354 nominata
2238 1303 2327 1354 est
2372 1293 2562 1353 Troia.
2654 1293 2759 1353 llic
2805 1293 2876 1353 ab
2924 1315 2993 1354 eo

391 1398 500 1457 alia
545 1397 819 1457 derivata.
912 1398 1199 1458 Troianus
1244 1398 1521 1470 Troicus3
1577 1397 1725 1457 'l'ros
1771 1414 2037 1474 quoqne,
2085 1395 2318 1472 quando
2363 1413 2468 1473 pro
2515 1393 2890 1473 appellativo,
2936 1397 2991 1457 id

326 1515 375 1554 10
398 1507 489 1558 est
533 1494 802 1578 genuini,
852 1499 1154 1578 accipitur.
1244 1507 1300 1558 et
1357 1498 1693 1570 sciendum,
1752 1498 1910 1575 quod
1970 1497 2246 1576 pleraque
2297 1495 2598 1574 gentilium
2656 1506 2716 1556 et
2760 1499 2991 1577 propria

393 1600 586 1659 solent
646 1620 778 1661 esse
828 1601 1092 1680 ipsorum
1151 1601 1517 1661 conditorum
1570 1599 1797 1660 urbium
1856 1597 1977 1659 sive
2037 1598 2328 1676 gentium,
2405 1605 2466 1656 ut
2525 1597 2701 1658 italus
2758 1599 2991 1660 Danaus

397 1701 637 1762 Latinus
684 1702 852 1761 TroS.
945 1704 1061 1762 Cur
1115 1701 1327 1775 Troia,
1385 1721 1518 1761 cum
1575 1701 1729 1780 apud
1786 1702 2042 1760 Graecos
2094 1719 2164 1758 oc
2218 1699 2624 1778 diphthongon
2679 1700 2736 1760 in
2792 1701 2987 1780 priore
3024 1717 3089 1767 :33

393 1802 606 1863 habeat
649 1802 894 1881 syllaba,
945 1822 1060 1863 non
1117 1810 1309 1863 servat
1351 1803 1525 1862 etiam
1572 1801 1725 1880 apud
1775 1800 1928 1861 nos?
1991 1800 2137 1871 Quia
2193 1800 2250 1860 in
2298 1800 2625 1879 disyllabiS,
2674 1801 2731 1861 in
2779 1802 2990 1879 quibus

395 1923 463 1963 ae
518 1904 604 1963 vel
652 1923 722 1963 oe
776 1904 1120 1984 diphthongi
1177 1905 1531 1965 antecedunt
1587 1912 1872 1981 sequente
1934 1902 2147 1975 vocali,
2206 1901 2493 1962 diaeresin
2553 1902 2744 1963 solent
2800 1904 2991 1964 facere

328 2025 371 2062 15
394 2005 579 2066 Latini
625 2006 968 2084 plerumque
1009 2015 1068 2065 et
1099 2026 1207 2085 pro
1248 2014 1611 2066 consonante
1651 2003 1869 2084 duplici
1907 2005 2173 2083 accipere
2212 2003 2227 2062 i
2275 2010 2330 2063 et
2367 2022 2493 2063 eam
2541 2023 2572 2062 a
2618 2004 2810 2084 priore
2853 2004 2993 2065 sub-

392 2108 622 2167 trahere
658 2107 873 2184 syllaba
914 2115 970 2166 et
1015 2107 1332 2185 adiungere
1376 2107 1675 2183 sequenti3
1722 2106 1988 2183 quamvis
2020 2106 2242 2184 antiqui
2283 2106 2551 2166 solebant
2592 2106 2736 2166 duas
2771 2106 2805 2167 ii
2849 2106 2994 2166 scri·-

391 2208 531 2268 bere
584 2219 640 2268 ct
681 2209 918 2268 alteram
989 2209 1165 2288 priori
1214 2209 1600 2286 subiungere,
1655 2208 1896 2268 alteram
1942 2225 2306 2286 praeponere
2352 2208 2651 2286 sequenti,
2699 2216 2762 2268 ut
2799 2208 2992 2268 Troiia

391 2309 557 2368 Maiia
597 2309 772 2369 Aiiax.
864 2310 1017 2370 hanc
1057 2318 1250 2370 tamen
1299 2308 1785 2370 consuetudinem
1819 2310 2007 2369 Latini
2057 2309 2385 2371 habuerunt
2431 2309 2635 2371 Aeoles
2676 2310 2992 2383 imitanteS,

394 2413 490 2488 qui
536 2415 740 2468 κοῖλον
772 2431 879 2491 per
924 2413 1265 2472 divisionem
1309 2411 1510 2471 dicunt
1547 2408 1752 2470 κόιλον
1809 2420 1867 2470 et
1907 2410 2086 2470 multa
2135 2411 2404 2472 similiter
2433 2412 2712 2472 dividunt.

325 2534 378 2574 ’.ὀ
567 2513 698 2582 Qui
747 2532 894 2591 quae
938 2534 1075 2593 pars
1119 2513 1398 2573 orationis
1437 2512 1568 2583 est?
1634 2515 1694 2580 ,Α
1743 2513 2091 2591 quibusdam
2125 2532 2446 2592 pronomen
2488 2513 2599 2573 hoc
2645 2533 2776 2574 esse
2821 2523 2993 2593 puta-
3024 2530 3091 2580 31

395 2624 518 2688 tur,
582 2615 680 2674 sed
730 2635 848 2675 non
901 2626 1076 2676 recte.
1169 2615 1401 2695 proprie
1458 2615 1610 2675 enim
1656 2632 1982 2695 pronomen
2026 2623 2148 2688 cst,
2207 2615 2364 2693 quod
2423 2635 2528 2695 pro
2578 2616 2811 2677 nomine
2858 2636 2995 2696 pro-

394 2717 521 2795 prio
566 2717 804 2796 ponitur
859 2725 917 2776 et
967 2735 1283 2796 personam
1343 2716 1563 2775 linitam
1623 2716 1817 2777 habet.
1910 2735 2051 2794 ergo
2102 2735 2234 2776 cum
2284 2717 2414 2793 quis
2461 2727 2518 2778 ct
2559 2719 2658 2795 qui
2704 2727 2760 2778 et
2804 2719 2994 2795 qualis

393 2819 525 2879 talis
576 2828 632 2878 et
679 2828 931 2897 quantus
975 2827 1171 2879 tantus
1228 2826 1286 2878 et
1339 2817 1545 2878 similia
1597 2819 1684 2879 vel
1730 2818 2140 2895 interrogativa
2198 2818 2284 2878 vel
2337 2819 2571 2879 relativa
2635 2839 2743 2880 nec
2801 2821 2994 2881 linitas

392 2920 644 2979 habeant
687 2939 974 2999 personas
1014 2940 1123 2981 nec
1160 2921 1290 2980 loco
1335 2920 1706 3000 propriorum
1745 2920 2049 2980 nominum
2082 2920 2472 2999 accipiantur,
2520 2940 2635 2981 non
2681 2929 2818 2981 sunt
2862 2910 2998 3001 pro·

321 3050 372 3088 25
395 3021 628 3081 nomina
686 3021 930 3082 dicenda
985 3023 1086 3082 sed
1143 3022 1338 3101 potius
1391 3023 1645 3082 nomina.
1736 3040 1847 3082 nec
1893 3022 2135 3095 mirum,
2176 3021 2223 3081 si
2269 3022 2551 3099 quaedam
2600 3042 2667 3082 ex
2712 3023 2858 3102 ipsis
2896 3024 2997 3083 de-

392 3123 763 3184 clinationem
800 3123 1055 3183 habeant
1097 3120 1558 3205 pronominum,
1603 3143 1736 3184 cum
1782 3123 2125 3203 pronomina
2164 3140 2398 3201 quoque
2430 3123 2640 3197 multa,
2678 3124 2750 3183 de
2782 3125 2996 3203 quibus

390 3243 507 3283 non
554 3232 643 3283 est
686 3223 1001 3297 dubitatio,
1058 3226 1212 3301 quod
1264 3226 1607 3305 pronomina
1657 3234 1825 3298 sunt,
1874 3225 2175 3285 nominum
2223 3224 2478 3285 habeant
2523 3224 2993 3297 declinationem,

389 3335 455 3385 ut
493 3346 660 3386 meus
702 3334 836 3387 tuus
873 3334 1074 3386 noster
1114 3334 1323 3387 vester.
1415 3336 1469 3387 et
1514 3326 1854 3399 sciendum,
1903 3327 2058 3403 quod
2105 3326 2200 3403 qui
2238 3346 2342 3406 pro
2384 3326 2515 3403 quis
2548 3328 2814 3406 ponitur,
2862 3329 2993 3407 quis

390 3437 583 3488 autem
640 3447 747 3508 pro
781 3428 904 3515 ‚qui
961 3446 1110 3500 non,
1174 3435 1230 3487 ct
1284 3429 1437 3508 quod
1498 3428 1690 3488 omnia
1751 3428 2157 3505 huiuscemodi
2217 3428 2450 3488 nomina
2498 3427 2733 3489 relativa
2779 3449 2886 3510 per
2928 3452 2993 3489 se

325 3555 375 3594 ³0
394 3538 713 3602 acuuntur,
767 3530 822 3589 in
872 3538 1144 3590 contextu
1193 3539 1386 3590 autem
1440 3530 1719 3590 orationis
1765 3537 2107 3607 gravantur,
2167 3528 2222 3588 id
2268 3538 2358 3588 est
2405 3549 2510 3609 pro
2555 3538 2727 3589 acuto
2777 3531 2832 3591 in
2876 3534 2992 3591 llne

392 3650 626 3708 gravem
680 3639 983 3691 accentum
1039 3632 1349 3710 accipiunt.
1439 3631 1552 3691 hoc
1604 3639 1798 3691 tamen
1857 3630 2048 3710 ipsum
2104 3631 2200 3707 qui
2258 3650 2365 3711 pro
2421 3630 2694 3691 adverbio
2754 3650 2986 3711 quoque
3025 3650 3091 3699 35

394 3751 571 3811 saepe
618 3732 936 3799 invenitur,
983 3733 1218 3810 qnando
1263 3733 1547 3811 accipitur
1589 3752 1698 3812 pro
1743 3732 2039 3811 quomodo
2090 3730 2209 3810 [est
2250 3732 2423 3792 etiam
2467 3732 2801 3812 ablativus}
2877 3734 2990 3794 Fac

393 3834 465 3893 ah
512 3853 580 3894 eo
638 3834 1047 3913 compositum.
1141 3834 1450 3912 QuisquiS,
1509 3834 1788 3912 quisquc,
1846 3833 2055 3910 aliquis
2104 3832 2187 3892 vel
2239 3833 2450 3910 aliqui,
2494 3833 2707 3911 siquis,
2763 3836 2990 3913 nequis‘,

392 3935 732 4012 quisquam,
771 3936 1157 4013 quicumque,
1202 3920 1524 4014 quispiam,
1569 3935 1836 4012 quidam,
1885 3934 2057 4011 quin,
2100 3934 2254 4011 quod
2301 3934 2593 4011 significat
2628 3935 2725 4013 qni
2773 3954 2889 3996 non
2935 3944 2994 3996 et

320 4061 371 4101 35
395 4056 500 4097 cur
543 4057 659 4097 non
709 4046 767 4097 et
812 4047 874 4098 ut
918 4057 1033 4098 non
1081 4045 1138 4096 et
1179 4056 1288 4096 nec
1328 4057 1478 4110 non,
1524 4036 1682 4114 atqui
1730 4043 1787 4096 et
1828 4035 2048 4114 atquin.

371 4136 382 4152 ’
562 4139 845 4201 Primus
886 4158 1034 4218 quae
1077 4157 1212 4219 pars
1269 4138 1549 4200 orationis
1600 4136 1731 4199 est?
1787 4137 2034 4198 Nomen.
2127 4137 2307 4198 Cuius
2356 4145 2447 4197 est
2484 4136 2744 4216 speciei?
2819 4138 2990 4198 Ordi-
3020 4157 3089 4208 30

529 4392 562 4443 3
599 4402 892 4443 cantaturus
925 4394 1093 4443 deleta
1130 4410 1156 4441 a
1195 4396 1243 4445 in
1283 4366 1504 4443 secdnda
1537 4393 1739 4457 syllaba
1776 4391 1819 4441 S
1852 4393 2113 4441 caniturus
2156 4390 2421 4443 Putsclu‘ue
2561 4394 2593 4443 5
2630 4392 2732 4440 dno
2771 4419 2829 4428 —
2870 4370 3061 4443 «ειη-Ι

392 4464 480 4512 tito
521 4480 610 4513 om.
644 4447 701 4512 S’
800 4467 833 4513 o
868 4466 1139 4513 concinnus
1176 4466 1220 4513 G
1255 4466 1495 4511 concinus
1530 4464 1571 4512 C
1597 4463 1910 4511 concinnans
1946 4479 2085 4511 corr.
2123 4463 2403 4511 concinnus
2432 4460 2473 4508 S
2611 4462 2644 4509 8
2685 4478 2713 4510 a
2750 4471 2854 4510 troo
2883 4464 2922 4511 S
2960 4478 2989 4511 n

391 4543 500 4583 troo
535 4534 579 4579 G
618 4548 648 4581 a
688 4544 793 4593 tros
824 4534 865 4583 C
1047 4534 1106 4583 12
1146 4549 1203 4581 oe
1240 4534 1516 4599 diptongus
1553 4534 1599 4580 iu
1638 4533 1807 4595 priore
1846 4532 2045 4598 syllaba
2084 4533 2147 4583 sit
2184 4532 2223 4579 S
2396 4532 2458 4581 13
2494 4541 2728 4580 seruntur
2768 4531 2853 4579 HS

396 4603 458 4651 18
499 4604 917 4651 cousuetudinem
976 4604 1146 4651 aeoles
1201 4602 1480 4651 habueruut
1534 4604 1788 4650 imitanti-s
1830 4604 1873 4649 (ι’
1908 4620 1926 4653 .·
1966 4602 2386 4649 cousin-ttulinvm
2436 4599 2719 4648 habueruut
2765 4602 2860 4651 coli
2903 4604 2984 4667 qui

389 4672 563 4720 eoclon
603 4673 908 4720 diuisionem
941 4673 1129 4721 dicunt.
1189 4674 1239 4719 Δ
1276 4673 1366 4731 Qui
1405 4670 1446 4719 S
1529 4684 1536 4693 “
1618 4670 1686 4720 23
1724 4682 1771 4719 et
1805 4673 1989 4720 similia
2022 4672 2213 4719 infinita
2252 4671 2353 4719 siut
2383 4669 2461 4717 uel
2502 4671 2866 4735 interrogatiua
2909 4674 2985 4720 uvl

388 4742 602 4791 relatiua
643 4752 686 4789 et
724 4742 890 4790 [initas
929 4756 1027 4789 uon
1064 4741 1280 4791 habeant
1312 4741 1354 4789 S
1457 4741 1523 4789 27
1563 4741 1679 4804 quiu
1721 4742 2022 4805 pronomina
2059 4741 2161 4787 sint
2198 4753 2247 4795 ς,
2283 4756 2375 4788 one.
2414 4738 2454 4785 S
2592 4742 2661 4789 28
2696 4756 2838 4793 menn
2873 4753 2988 4792 tuus

389 4827 513 4859 snus
554 4820 726 4859 noster
764 4822 935 4858 uester
973 4819 1172 4859 nostras
1210 4819 1406 4859 uestras
1445 4810 1485 4859 C
1646 4811 1713 4861 32
1750 4822 1827 4859 est
1864 4808 2178 4857 euim'etiam
2219 4809 2473 4857 ublatiuus
2512 4810 2567 4870 C,
2597 4811 2689 4859 oni.
2719 4810 2760 4857 S
2924 4812 2986 4863 31

389 4881 641 4944 quispiam
678 4880 885 4941 quidam
923 4895 1016 4928 om.
1060 4879 1145 4928 CG
1284 4882 1352 4931 35
1386 4889 1439 4927 ut
1476 4894 1576 4929 nou
1603 4889 1654 4929 et
1681 4895 1770 4928 nec
1810 4893 1907 4928 non
1949 4894 2039 4928 om.
2079 4876 2122 4925 S
2156 4895 2171 4926 .-
2207 4886 2261 4927 ut
2294 4891 2393 4927 nou
2434 4886 2482 4926 et
2515 4885 2633 4927 ante
2676 4894 2766 4927 cur
2802 4881 2925 4930 add.
2963 4896 2989 4930 ι

2468 4963 2592 5027 30*
