3576 5595
1289 448 1516 511 LIBER
1562 447 1712 509 XVII
1757 458 2060 512 202—207
2839 446 2962 511 207

480 577 521 617 p.
553 564 778 606 1114-16
806 562 851 605 1³.
1026 589 1037 597 -
2518 574 2561 614 p.
2589 564 2676 604 ιω,
2710 564 2780 604 105
2810 564 2861 606 K.

380 655 496 697 non
542 645 768 708 tamen,
817 634 1111 714 quomodo
1153 636 1355 715 ‘ipse'
1399 635 1527 697 sine
1568 634 2070 716 alio‘pronomine
2114 642 2366 713 possunt
2398 634 2621 713 primae
2652 642 2710 693 et
2754 654 2963 695 secun-

378 738 486 798 dae
517 756 806 818 personae
848 735 1041 797 verbis
1087 737 1352 815 adiungi,
1401 744 1464 796 ut
1494 737 1657 816 ‘ipse
1685 737 1866 810 sacio,
1914 736 2041 815 ipse
2073 736 2261 796 sacis’.
2351 734 2728 814 Virgilius
2773 736 2832 795 in
2865 736 2960 798 11:

888 903 895 909 ,
1378 856 1718 917 quaeque
1763 830 2371 918 ipse‘miserrima
2417 837 2587 914 vidi.

377 942 531 1001 idem
565 942 624 1001 in
664 939 1107 1002 bucolicon:

325 1069 350 1106 5
683 1043 863 1103 Cum
901 1042 1169 1103 faciam
1208 1042 1513 1103 vitulam
1560 1061 1696 1122 pro
1742 1041 2126 1119 frugibuS,
2169 1041 2336 1120 ipse
2380 1042 2657 1102 venito.

377 1145 521 1206 alias
566 1153 760 1205 autem
790 1139 817 1226 ΙΙ
849 1162 1021 1204 voces
1069 1143 1271 1204 tertiae
1314 1143 1727 1223 pronominum
1775 1161 2066 1224 personae
2106 1161 2214 1223 per
2259 1162 2323 1204 se
2377 1144 2464 1205 sic
2508 1142 2699 1203 verbis
2741 1143 2964 1223 primae
3001 1154 3103 1206 205

374 1254 437 1305 et
480 1226 775 1308 secundae
813 1264 1102 1326 personae
1146 1264 1266 1306 non
1317 1264 1636 1325 possumus
1682 1225 1975 1326 copulare.
2066 1264 2241 1306 nemo
2297 1246 2452 1306 enim
2509 1245 2649 1305 dicit
2701 1245 2834 1305 ‘ille
2884 1246 2969 1305 sa-

380 1348 507 1408 cio’
553 1358 610 1408 et
655 1347 787 1408 ‘ille
833 1348 1047 1421 sacis',
1094 1347 1204 1408 nisi
1252 1348 1432 1409 addas
1471 1356 1530 1408 et
1573 1347 1922 1428 pronomina
1967 1347 2214 1427 primam
2261 1356 2320 1408 et
2363 1346 2680 1408 secundam
2727 1347 2969 1407 ‹lemon-

380 1450 621 1510 strantia
662 1458 1116 1530 personam,-ut
1161 1449 1427 1511 Cicero
1473 1449 2021 1510 invectivarum
2067 1448 2162 1508 11:
2216 1448 2338 1510 hic
2381 1444 2518 1527 ego
2562 1447 2968 1509 vehemens

307 1550 516 1612 mille
561 1551 866 1625 consul,
927 1551 1048 1630 qui
1101 1550 1325 1612 verbo
1379 1551 1585 1616 cives
1629 1552 1696 1612 in
1744 1551 2055 1611 exilium
2103 1550 2328 1626 eicio,
2376 1549 2716 1629 quaesivi
2753 1569 2789 1610 a
2837 1551 2971 1611 Ca·
3047 1577 3071 1600 ο

380 1653 623 1715 tilina.
714 1654 817 1714 sed
859 1653 992 1713 ‘ille
1035 1657 1180 1731 ego’
1215 1652 1306 1713 vel
1339 1652 1474 1713 ‘ille
1519 1657 1616 1714 tu'
1664 1671 1797 1714 cum
1845 1651 2127 1726 dicimuS,
2181 1651 2524 1713 relationem
2574 1650 2970 1729 significamus

381 1756 783 1817 antecedentis
821 1754 1206 1834 cognitionis,
1245 1755 1399 1834 ‘ipse
1441 1755 1574 1833 ego'
1621 1773 1757 1816 vero
1804 1752 2251 1830 discretionem,
2289 1754 2346 1815 id
2376 1762 2467 1815 est
2515 1754 2669 1834 ‘ipse
2713 1773 2820 1833 ego
2865 1772 2973 1835 per

381 1876 475 1918 me
514 1866 571 1918 et
616 1876 735 1918 non
781 1856 975 1919 alius’.
1817 1928 1826 1935 ,

553 1959 679 2019 lloc
716 1967 910 2020 autem
956 1958 1345 2038 appositivum
1376 1976 1734 2039 pronomen,
1779 1958 1840 2019 id
1872 1965 1964 2019 est
1999 1957 2197 2037 ‘ipse’,
2233 1957 2498 2035 quamvis
2543 1965 2602 2018 et
2632 1957 2970 2037 imperativo

312 2081 359 2120 ιε»
390 2062 645 2123 societur
681 2096 708 2107 -
749 2060 997 2121 dicimus
1043 2060 1219 2121 enim
1245 2061 1398 2141 ‘ipse
1443 2060 1614 2122 sacis'
1646 2068 1704 2121 et
1746 2060 1900 2142 ‘ipse
1945 2060 2060 2121 sac’
2095 2106 2152 2134 -,
2198 2079 2318 2120 non
2355 2059 2531 2120 habet
2572 2066 2765 2120 tamen
2800 2078 2973 2121 voca-

387 2164 584 2224 tivum.
673 2162 901 2226 nullum
946 2163 1099 2223 enim
1141 2168 1477 2242 pronomen
1515 2170 1711 2243 potest
1753 2162 1973 2223 habere
2007 2163 2366 2237 vocativum,
2421 2169 2487 2223 ut
2527 2161 2808 2235 diximuS,
2853 2160 2966 2222 nisi
3005 2174 3107 2227 206

388 2265 740 2343 primitivum
804 2264 1098 2328 secundae
1147 2283 1468 2344 personae,
1535 2265 1606 2325 ad
1666 2264 1827 2344 quod
1882 2264 2149 2343 dirigitur
2205 2282 2432 2338 sermo,
2489 2272 2546 2324 et
2595 2263 2973 2324 derivativum

389 2366 640 2445 primae,
695 2367 929 2446 quando
974 2366 1350 2445 coniungitur
1392 2366 1686 2447 primitivo
1732 2366 2027 2428 secundae
2065 2364 2151 2427 vel
2194 2383 2336 2426 voce
2388 2364 2478 2426 vel
2523 2366 2854 2441 intellectu,
2911 2373 2977 2426 ut

388 2468 448 2528 ‘o
479 2487 632 2529 mea
680 2472 780 2530 tu’
820 2477 877 2528 et
922 2471 982 2528 ‘o
1024 2477 1293 2529 noster
1324 2468 1733 2531 Cliremes'.
1826 2476 2129 2549 praeterea
2158 2468 2455 2530 vocativus
2488 2468 2855 2531 substantivo
2885 2467 2972 2528 vel

310 2589 361 2630 πο
391 2571 648 2631 vocativo
691 2570 867 2632 verbo
911 2590 1018 2650 per
1055 2589 1120 2632 se
1163 2589 1280 2631 non
1331 2570 1740 2650 coniungitur,
1788 2571 1892 2631 sed
1936 2570 2346 2632 nominativus·
2437 2589 2610 2631 nemo
2648 2570 2803 2631 enim
2835 2569 2978 2631 (licit

383 2670 593 2732 ‘docte
637 2691 733 2746 οε,
793 2672 948 2733 clare
993 2671 1253 2748 vocariS,
1310 2673 1505 2751 virgili
1551 2673 1840 2748 diceris',
1899 2673 2004 2734 sed
2052 2672 2301 2734 ‘doctus
2346 2691 2445 2747 eS,
2491 2671 2685 2734 clarus
2729 2670 2974 2746 vocariS,

385 2770 656 2851 Virgilius
701 2773 972 2836 diceris'.
1062 2775 1265 2855 ‘ipse'
1315 2794 1454 2854 ergo
1512 2775 1624 2837 nisi
1663 2775 2001 2838 nominativi
2039 2775 2164 2836 vice
2212 2773 2465 2837 nominis
2508 2775 2670 2854 fungi
2709 2793 2829 2837 non
2870 2793 2978 2855 po-

385 2883 518 2935 test.
610 2873 753 2936 nihil
794 2874 804 2958 Ι
842 2885 1040 2953 autem
1092 2878 1304 2939 mirum
1347 2878 1642 2939 secundae
1688 2897 1981 2958 personae
2024 2877 2379 2939 nominativo
2421 2877 2826 2957 imperativum
2877 2876 2978 2938 ad·

386 2976 581 3055 iungi,
628 2995 763 3038 cum
805 2985 865 3038 et
899 2978 1106 3039 tertiae
1152 2997 1470 3059 personae,
1519 2998 1668 3058 quae
1712 3000 1958 3060 prorsus
1993 2980 2314 3042 vocativum
2358 2999 2476 3042 non
2521 2980 2727 3055 habet,
2773 2979 2979 3041 adiun-

309 3099 359 3138 25
389 3087 601 3157 gantur
645 3079 1014 3159 imperativa,
1070 3089 1134 3141 ut
1177 3081 1419 3142 ‘faciat'
1466 3091 1524 3142 et
1578 3081 1790 3143 ‘facito
1839 3081 2010 3156 ille’,
2062 3083 2343 3144 ‘saciant’
2405 3094 2463 3146 et
2498 3060 2791 3144 ‘l'aciunto
2836 3081 2918 3143 illi
2935 3085 2975 3143 '.

386 3180 528 3242 illud
563 3199 794 3260 quoque
825 3180 1148 3256 sciendum,
1177 3177 1206 3267 ΙΙ
1240 3183 1395 3262 quod
1431 3183 1705 3244 vocativis
1736 3184 2075 3263 frequenter
2109 3185 2326 3246 utimur
2355 3186 2483 3247 sine
2524 3185 2717 3246 verbis
2759 3203 2971 3245 secun·
3006 3200 3107 3253 207

387 3283 495 3344 dae
535 3302 854 3362 personae,
896 3292 960 3345 ut
994 3285 1215 3346 ‘miror
1256 3294 1312 3345 te
1356 3285 1583 3363 virgili,
1643 3284 1917 3364 intellego
1962 3297 2018 3348 te
2062 3287 2373 3362 Homere',
2421 3286 2808 3348 nominativos
2845 3306 2980 3348 vero

387 3385 497 3447 nisi
553 3405 661 3466 per
713 3385 944 3465 ellipsin
1003 3405 1324 3466 numquam
1382 3387 1508 3448 sine
1566 3387 1758 3449 verbis
1816 3390 2166 3468 proferimus
2221 3390 2483 3452 eiusdem
2536 3408 2857 3470 personae,
2916 3397 2983 3450 ut

386 3487 618 3550 ‘honus
667 3507 762 3563 es,
808 3487 1152 3567 Apollonius
1197 3489 1569 3552 nominaris'.

312 3607 362 3648 ao
559 3589 770 3651 Omnia
810 3596 1004 3651 autem
1059 3592 1439 3670 pronomina,
1496 3611 1646 3672 quae
1704 3593 2227 3673 vocari‘possunt‚
2290 3594 2537 3656 similem
2592 3593 2813 3655 habent
2875 3613 2982 3654 no-

391 3691 668 3752 minativo
724 3691 1046 3752 vocativum
1105 3702 1349 3775 excepto
1410 3696 1560 3756 emi'
1591 3715 1699 3777 pro
1736 3698 1970 3756 ‘mee';
2049 3716 2161 3757 nec
2202 3697 2442 3771 mirum,
2490 3716 2622 3758 cum
2663 3696 2836 3757 etiam
2873 3715 2981 3757 no-

527 3848 560 3896 2
592 3843 785 3911 verbis]
815 3862 846 3894 r
880 3845 1042 3896 uerbi]
1070 3847 1116 3897 R
1268 3849 1426 3915 Ver-9.
1470 3850 1598 3902 Aen.
1641 3850 1680 3898 [ί
1717 3851 1750 3900 5
1904 3849 1947 3897 ll
1983 3864 2046 3914 en
2071 3850 2113 3900 S
2250 3848 2282 3899 3
2313 3850 2520 3914 Queque
2551 3851 2604 3900 N
2739 3852 2771 3900 4
2819 3851 2979 3914 Vera.

391 3917 483 3964 ecl.
521 3914 573 3980 3,
616 3918 681 3966 77
723 3917 790 3976 cs.
829 3916 915 3966 tib.
955 3917 1072 3967 Vlll
1108 3919 1140 3978 §
1176 3915 1246 3967 68
1420 3918 1652 3969 bucolico
1702 3917 1836 3970 NSO
1884 3919 2014 3969 buco
2064 3920 2112 3969 L
2289 3920 2323 3971 6
2370 3934 2615 3985 personae
2657 3935 2748 3969 om.
2788 3919 2830 3968 S

389 3999 482 4049 per
509 4000 566 4035 se
590 4000 840 4050 personae
872 3985 914 4035 0
1052 3986 1087 4037 9
1132 3987 1234 4039 Cic.
1272 3991 1322 4037 in
1361 3988 1509 4040 Catil.
1538 4003 1615 4040 or.
1657 3989 1700 4037 11
1729 3987 1780 4048 6,
1825 3990 1890 4039 12
2028 3988 2148 4038 hine
2183 3989 2282 4039 Cic.
2316 3988 2503 4039 Salisb.
2543 3989 2598 4039 S.
2631 3992 2776 4040 Petri
2913 3990 2982 4039 10

389 4054 565 4106 consul
608 4054 692 4104 ille
736 4056 836 4106 Cic.
886 4056 1126 4121 Teyerna.
1295 4059 1423 4107 ciuis
1459 4059 1563 4109 Cic.
1598 4059 1710 4108 cod.
1747 4058 1891 4111 Med.
1923 4057 2083 4123 (Lag.
2113 4058 2206 4122 62)
2249 4066 2298 4108 et
2333 4060 2465 4124 Lay.
2503 4059 2537 4110 Ο
2696 4059 2895 4124 quesiui
2930 4060 2979 4108 D

528 4125 743 4174 eatilena
783 4125 829 4174 L
1012 4127 1069 4177 11
1111 4125 1225 4193 sed]
1262 4144 1293 4176 r
1328 4128 1406 4179 a&
1442 4127 1489 4178 11
1661 4129 1724 4178 12
1776 4144 1873 4191 ego
1914 4131 2024 4194 ipsc
2063 4128 2128 4177 M
2299 4144 2392 4194 per
2429 4145 2510 4178 me
2545 4145 2644 4179 non
2683 4145 2776 4195 per
2806 4129 2979 4179 alium.

388 4192 491 4241 Hoc
514 4195 568 4243 N
707 4194 769 4244 14
807 4195 1149 4261 adpositiuum
1173 4196 1218 4244 D
1364 4200 1427 4250 15
1461 4199 1719 4260 socientur
1738 4199 1791 4248 Ν
1809 4199 2024 4248 sotietur
2051 4199 2095 4246 D
2241 4198 2305 4248 18
2331 4197 2739 4264 coniungiturjni
2772 4201 2983 4249 coniun-
3021 4219 3040 4224 ·

389 4270 578 4328 guntur
598 4264 647 4312 I)
775 4266 1030 4315 secundae
1053 4281 1177 4316 uoce
1199 4266 1283 4317 uel
1305 4267 1355 4316 N
1497 4269 1615 4322 Ter.
1642 4283 1756 4317 eun.
1785 4267 1869 4316 llll
1897 4268 1948 4329 3,
1973 4270 2040 4317 22
2069 4283 2180 4318 mea
2202 4276 2254 4316 tu
2280 4268 2349 4331 cf.
2377 4270 2463 4321 lib.
2488 4270 2583 4318 ΧΙΙ
2612 4271 2645 4331 S
2668 4269 2732 4319 10
2861 4270 2925 4320 19
2952 4285 2981 4318 o

389 4348 503 4383 mea
531 4330 605 4398 tu]
628 4350 659 4382 r
685 4344 885 4385 omoato
904 4336 948 4385 R
1100 4337 1213 4388 Ter.
1233 4337 1403 4389 Andr.
1426 4339 1471 4387 V
1491 4340 1540 4402 2,
1561 4338 1593 4388 5
1620 4337 1689 4400 rs.
1713 4337 1798 4388 lib.
1821 4337 1916 4388 XII
1942 4341 1974 4387 l.
1993 4353 2038 4389 c.
2157 4347 2206 4389 et
2225 4353 2316 4392 om.
2339 4337 2382 4388 0
2510 4354 2538 4388 o
2558 4353 2649 4392 om.
2678 4338 2842 4389 ltMN
2857 4340 2981 4391 add.

389 4452 419 4485 r
585 4418 751 4488 nrt-D
927 4454 1123 4490 cremes
1161 4440 1250 4492 OD
1284 4441 1484 4492 chreme
1516 4443 1558 4493 S
1708 4441 1778 4491 20
1816 4442 2049 4491 vocativo
2090 4441 2268 4507 verbo]
2301 4460 2332 4491 r
2369 4444 2656 4493 uocauerbo
2696 4443 2739 4493 R
2914 4444 2979 4494 21

389 4507 535 4558 docte
576 4524 632 4557 es
669 4523 781 4572 sup.
817 4510 904 4562 lin.
943 4510 1067 4560 add.
1107 4510 1145 4559 d
1316 4513 1383 4561 22
1420 4513 1519 4562 nisi
1556 4526 1647 4561 om.
1686 4510 1771 4562 OS
1948 4512 2184 4576 nominis]
2224 4514 2305 4561 uel
2331 4515 2648 4579 pronominis
2689 4513 2754 4562 M
2916 4512 2983 4565 23

389 4608 553 4661 Nichil
596 4611 649 4660 Ν
811 4614 878 4663 24
913 4612 1279 4680 adiungantur]
1315 4615 1351 4664 d
1400 4615 1750 4680 adiunguntur
1790 4615 1837 4663 D
2018 4615 2085 4666 25
2122 4617 2298 4685 impati
2328 4617 2380 4666 N
2551 4617 2701 4667 saciat
2731 4615 2800 4681 et]
2843 4635 2874 4667 r
2911 4618 2986 4668 fa-

393 4682 492 4729 ciat
527 4681 572 4731 R
737 4680 957 4748 saciant]
998 4684 1036 4731 d
1068 4685 1219 4733 l'aciat
1257 4687 1304 4734 Ι)
1341 4695 1391 4734 et
1428 4686 1616 4734 faciant
1656 4684 1857 4735 MNSJ,
2023 4685 2121 4752 illi]
2167 4687 2253 4737 illo
2291 4687 2334 4737 S
2496 4689 2564 4738 28
2602 4685 2830 4754 ellipsin]
2871 4704 2901 4737 r
2935 4692 2985 4740 in

391 4766 518 4811 ras„
557 4751 595 4800 d
629 4750 814 4816 elipsin
854 4752 903 4800 D
936 4753 1151 4818 eclipsin
1188 4755 1284 4804 NL
1325 4754 1554 4820 eclypsin
1586 4757 1629 4804 S
1666 4755 1896 4819 eclipsim
1931 4754 2086 4818 (Mo)
2230 4758 2341 4809 sine
2381 4758 2572 4826 veihis]
2615 4774 2645 4807 r
2682 4761 2790 4809 sine
2831 4759 2909 4808 bis
2940 4761 2986 4810 R

531 4872 860 4938 profer-rimus
900 4874 966 4924 M
1116 4875 1343 4925 eiusdem
1381 4834 1817 4928 secuiilflrgoffielir
1977 4875 2044 4926 29
2079 4877 2406 4942 appollonius
2443 4879 2490 4929 L
2651 4878 2720 4931 30
2760 4882 2988 4931 uomina-

390 4941 492 4991 tivo
532 4939 839 5007 vocativum]
873 4959 904 4993 r
943 4944 1309 4996 nominatiuum
1345 4946 1582 4997 uocatiuo
1619 4946 1667 4999 R
1702 4947 1818 4999 reu.
1978 4945 2040 4996 31
2084 4961 2199 5016 mee
2238 4948 2286 4997 D
