3576 5595
1325 449 1550 516 Lmen
1594 449 1745 515 XVII
1794 459 1970 521 162-
1986 458 2085 519 165
2873 445 2990 511 191

540 599 551 612 .
581 568 697 614 1102.
728 568 828 613 1103
865 569 911 612 Ρ.
2625 597 2634 607 .
2665 567 2727 609 87.
2756 569 2806 608 ss
2835 568 2890 608 κ.

406 585 816 725 prop‘alebat’
863 650 923 702 et
967 641 1413 723 ‘carpebatur’.
1503 650 1561 703 et
1600 640 1943 717 sciendum,
1996 638 2152 719 quod
2208 647 2329 700 tam
2384 579 2810 719 poetaepquam
2853 659 2995 719 pro·
3036 646 3134 697 164

409 764 608 807 sarum
679 744 999 824 scriptores
1061 744 1400 822 frequenter
1460 743 1872 823 praesentibus
1943 750 2189 803 utuntur
2240 737 2250 823 Ι
2307 749 2425 802 tam
2493 761 2600 821 pro
2667 742 2996 820 praeteritis

408 865 582 925 qnam
627 865 732 925 pro
779 845 1024 919 futuriS‚
1072 853 1274 907 contra
1320 854 1515 906 autem
1560 864 1723 921 raro,
1769 854 1832 905 ut
1874 843 2275 904 Terentius
2321 843 2381 904 In
2425 843 2741 904 Andria:

1016 947 1145 1007 sed
1194 947 1254 1008 si
1301 947 1475 1024 quid
1517 992 1531 1006 .
1581 965 1888 1007 narrare
1933 946 2239 1025 occepi,
2295 945 2667 1006 continuo
2713 944 2873 1007 dari

357 1067 382 1105 5
713 1047 879 1109 Tibi
923 1048 1153 1109 verba
1195 1066 1501 1121 censes,

411 1151 671 1230 occepi
718 1170 823 1228 pro
870 1150 1143 1230 ‘occipio'
1196 1150 1281 1209 vel
1324 1150 1677 1229 ‘occipiam’.
1766 1149 1922 1211 idem
1964 1147 2022 1209 in
2071 1149 2444 1209 eunucho:

715 1252 918 1321 Quae
959 1270 1129 1311 vera
1177 1251 1462 1324 audivi,
1509 1258 1718 1310 taceo
1762 1259 1835 1309 et
1880 1250 2243 1310 contineo
2284 1252 2595 1330 optime,

412 1353 661 1415 audivi
701 1372 806 1432 pro
840 1353 1061 1414 ‘audio'
1108 1352 1195 1412 vel
1243 1352 1547 1413 ‘audiam'.
1578 1347 1606 1434 ΙΙ
1636 1352 1791 1412 idem
1827 1352 1886 1411 in
1931 1351 2414 1412 Phormione:

1427 1472 1556 1514 cur
1599 1472 1780 1526 non,
1825 1453 2164 1530 inquam,
2209 1454 2596 1527 Phormio,

338 1581 388 1623 ιο
717 1556 933 1616 Vides
975 1556 1178 1617 inter
1222 1554 1396 1617 vos?

412 1657 708 1734 inquam
753 1677 858 1736 pro
896 1658 1148 1735 ‘inquio'
1185 1657 1357 1731 dixit,
1411 1656 1571 1736 qnod
1627 1656 1686 1717 in
1728 1675 1863 1718 raro
1906 1664 1996 1717 est
2043 1674 2172 1717 usu.
2262 1658 2349 1718 sic
2396 1658 2549 1718 enim
2598 1658 2790 1718 solent
2828 1657 3003 1738 pleri-

416 1776 529 1836 que
576 1778 795 1838 ponere
840 1761 1178 1838 ‘inquam'‚
1225 1760 1383 1838 quod
1426 1768 1517 1819 est
1563 1759 1770 1832 futuri,
1830 1759 1961 1819 loco
2006 1758 2302 1837 praeteriti
2349 1759 2434 1819 vel
2481 1761 2808 1839 praesentis
2852 1760 3005 1821 acci·

418 1861 667 1939 pientes.
886 1928 889 1929 ⁷

586 1960 863 2024 Diversae
901 1980 1223 2041 personae,
1271 1970 1333 2023 ut
1371 1962 1742 2041 Virgilius
1783 1962 1843 2022 in
1889 1961 1951 2023 11
1991 1961 2379 2023 Aeneidis:
3044 1978 3138 2029 165

344 2088 394 2128 ιε»
1386 2103 1390 2106 -
1938 2063 2379 2125 divellimur
2423 2064 2598 2124 inde

721 2165 1028 2245 Iphitus
1070 2173 1142 2225 et
1185 2165 1440 2226 Pelias
1485 2184 1784 2226 mecum.

420 2268 833 2329 Terentius
873 2267 933 2326 in
969 2266 1285 2328 Andria:

724 2369 821 2429 Tu
858 2369 919 2429 si
964 2368 1085 2427 hic
1130 2371 1433 2444 †esseS‚
1479 2367 1714 2429 aliter
1751 2369 2064 2430 sentias

424 2481 481 2532 et
522 2479 691 2544 nota,
747 2470 902 2548 quod
946 2488 1080 2531 sese
1138 2470 1458 2531 ostendens
1519 2469 1637 2530 hic
1696 2471 1866 2545 dixit,
1917 2471 1976 2531 in
2022 2489 2133 2550 qua
2182 2470 2678 2532 demonstratione
2723 2469 3009 2549 Intellegi-

346 2581 522 2637 :ntur
560 2571 738 2634 etiam
781 2573 991 2650 ‘ego'.
1084 2572 1340 2633 Livius
1393 2572 1451 2632 in
1508 2571 1830 2632 XXXVII
1887 2572 1971 2633 ab
2030 2573 2216 2633 urbe
2272 2554 2611 2633 condita:
2701 2581 3008 2632 certare

423 2675 544 2754 pio
590 2675 1003 2735 certamine
1060 2672 1470 2735 cuiuslibet
1528 2673 1768 2734 bonae
1815 2674 2009 2734 artis
2073 2682 2144 2734 et
2191 2673 2509 2734 virtutis
2546 2675 2709 2735 ausi
2756 2693 3007 2735 sumus

425 2796 579 2838 cum
628 2776 1077 2857 parentibus
1115 2793 1459 2855 quaeque
1496 2775 1768 2837 civitas
1805 2776 1978 2838 suis.
2069 2773 2476 2854 Virgilius:

730 2878 870 2939 Ille
915 2897 1079 2957 ego,
1125 2879 1245 2957 qui
1293 2878 1661 2956 quondam
1701 2878 1981 2957 gracili
2026 2878 2458 2939 modulatus
2504 2898 2736 2939 avena

733 2980 1056 3040 Carmen.

351 3081 583 3142 25idem
630 3079 687 3141 in
732 3081 796 3141 11
840 3081 1220 3171 aeneidis:

1490 3200 1832 3261 quaeque
1871 3182 2037 3263 ipse
2080 3182 2504 3244 miserrima
2554 3184 2702 3245 vidi

735 3283 820 3345 Et
857 3301 1167 3360 qnorum
1213 3302 1388 3362 pars
1426 3303 1696 3363 magna
1743 3284 1865 3345 fni.

435 3386 587 3445 idem
627 3386 685 3446 in
731 3384 1122 3446 bucolico:

735 3488 880 3548 Nec
918 3494 1088 3547 tuus
1128 3487 1248 3550 hic
1288 3486 1562 3547 Moeris
1606 3507 1741 3547 nec
1784 3487 2077 3548 viveret
2119 3488 2284 3569 ipse
2324 3487 2735 3551 Menalcas.

571 3703 603 3750 2
635 3697 761 3764 tam]
800 3714 953 3750 eraso
988 3714 1139 3763 qnam
1175 3715 1344 3762 spscr.
1387 3699 1435 3747 L
1599 3699 1632 3750 3
1677 3715 1828 3762 quam
1868 3699 2052 3750 I'nturis
2091 3699 2154 3749 M
2308 3708 2364 3751 ut
2408 3667 2501 3752 ont.
2542 3701 2653 3752 ML
2822 3710 3013 3753 terren·
3059 3775 3064 3780 ,

432 3787 530 3836 tius
571 3786 682 3836 ML
825 3786 941 3836 Ter.
977 3787 1143 3836 Andr.
1185 3787 1247 3835 111
1287 3789 1337 3845 2,
1376 3786 1446 3835 24
1467 3801 1545 3851 sq.
1692 3788 1741 3835 iu
1778 3786 1969 3835 Andria
2005 3804 2098 3839 om.
2131 3786 2172 3836 O
2311 3791 2346 3840 4
2383 3787 2529 3855 quid]
2561 3792 2580 3839 l
2612 3790 2726 3851 quis
2766 3789 2856 3838 ol.
2894 3792 3016 3853 quid

433 3874 524 3922 tibi
568 3875 683 3924 Ter.
722 3873 874 3937 Bas„
913 3873 1061 3925 codd.
1106 3874 1222 3924 Ter.
1264 3872 1480 3922 Bentleii
1514 3888 1577 3921 ae
1614 3875 1689 3923 sic
1724 3874 1811 3923 lib.
1847 3871 2014 3922 XVIII
2050 3877 2083 3937 S
2118 3873 2204 3924 83.
2237 3872 2323 3924 84.
2361 3875 2492 3933 253;
2531 3884 2579 3925 ee
2613 3877 2664 3924 in
2708 3876 2829 3928 add.
2861 3878 3016 3926 inser.

431 3977 577 4028 huius
609 3977 693 4026 lib.
732 3977 857 4039 quid
893 3977 983 4025 tibi
1022 3976 1068 4025 13
1089 3960 1338 4026 Darna-est
1375 3976 1495 4038 quid
1533 3977 1578 4024 D
1742 3992 1978 4026 enarrare
2013 3977 2142 4029 Bas.
2287 3976 2534 4043 hoccoepi
2569 3980 2649 4029 Br-
2685 3955 2850 4044 occepi
2887 3981 3016 4030 Bas.

432 4065 489 4096 m.
536 4055 645 4098 ant.
687 4062 821 4097 corr.
857 4048 929 4108 cf.
966 4047 1051 4099 lib.
1089 4046 1255 4097 XVIII
1296 4048 1351 4099 u.
1387 4048 1438 4094 ll.
1619 4045 1761 4113 dari]
1805 4064 1835 4095 r
1878 4047 1998 4095 dare
2031 4047 2079 4097 R
2114 4054 2165 4096 et
2200 4049 2275 4096 sic
2308 4047 2359 4096 P
2400 4049 2484 4101 tib.
2520 4048 2691 4099 XVIII
2742 4052 2774 4112 5
2813 4051 2881 4099 84
2911 4066 3019 4099 cum

442 4119 556 4168 Ter.
591 4117 720 4166 Bas.
866 4117 898 4166 5
931 4118 1086 4165 uerba
1122 4131 1274 4166 enses
1309 4116 1356 4164 L
1517 4115 1550 4167 6
1586 4116 1666 4164 uel
1706 4132 1798 4181 pro
1835 4117 2079 4181 occipiam
2122 4116 2171 4164 N
2329 4116 2445 4167 Ter.
2485 4134 2596 4168 eun.
2634 4118 2650 4164 l
2690 4121 2740 4184 2,
2777 4118 2845 4170 23
2985 4121 3015 4169 7

436 4184 576 4251 vcra]
608 4187 701 4240 om'.
742 4186 804 4235 M
842 4202 963 4238 nen
995 4185 1037 4235 S
1189 4185 1223 4234 8
1260 4183 1375 4235 Ter.
1416 4185 1617 4237 Phorm.
1657 4187 1746 4235 1111
1791 4185 1842 4245 3,
1881 4187 1941 4235 15
1977 4203 2056 4251 sq.
2223 4186 2258 4236 9
2294 4185 2475 4235 formio
2515 4186 2678 4235 MDN
2838 4186 2896 4237 11
2940 4188 3018 4237 in·

435 4272 586 4319 quam
628 4257 851 4305 futurum
891 4272 981 4322 pro
1014 4255 1067 4304 N
1235 4253 1434 4321 iuquio]
1468 4257 1655 4318 scr-Ipsi
1688 4257 1830 4318 inqui
1859 4255 1979 4306 libra·
2149 4254 2222 4303 sie
2259 4258 2411 4305 etiam
2448 4258 2582 4305 enim
2623 4256 2671 4304 D
2848 4254 2914 4308 14
2953 4275 3016 4308 ns

437 4341 665 4376 virensis
701 4340 945 4378 ransoms
974 4329 1132 4380 inser.
1171 4323 1218 4372 N
1355 4332 1409 4388 ut
1441 4333 1494 4373 ut
1528 4326 1608 4375 [ἐν
1766 4326 1927 4390 Very.
1962 4326 2094 4376 Aen.
2134 4326 2178 4374 11
2214 4325 2315 4376 431
2347 4342 2424 4391 sq.
2578 4326 2776 4376 eneidis
2812 4342 2842 4374 r
2879 4330 3017 4377 enel-

434 4396 534 4446 dos
572 4396 618 4446 R
657 4397 900 4445 aeneidos
936 4394 1095 4460 (Mo)
1243 4393 1305 4446 17
1339 4396 1608 4445 terrentius
1642 4394 1757 4443 Ml.
1906 4396 2023 4447 Ter.
2049 4393 2219 4446 Andr.
2261 4396 2304 4446 11
2342 4397 2390 4456 1,
2433 4395 2500 4447 10
2642 4394 2707 4445 18
2738 4394 2902 4461 esses]
2945 4399 3018 4449 sis

435 4466 554 4515 libri
594 4465 709 4516 Ter.
746 4481 851 4514 cum
890 4465 1017 4514 Bas.
1177 4463 1242 4514 10
1272 4465 1581 4529 hostendens
1617 4464 1697 4514 Rr
1852 4464 1920 4514 20
1957 4481 2082 4530 ergo
2123 4463 2202 4512 131·
2358 4464 2468 4516 Liv.
2507 4465 2571 4515 ab
2604 4481 2653 4518 u.
2691 4481 2735 4514 c.
2779 4464 3017 4516 XXXVII

437 4537 524 4594 54,
566 4535 652 4587 19.
771 4536 821 4583 in
859 4550 950 4587 om.
990 4532 1148 4595 (Mo)
1308 4534 1370 4583 21
1413 4534 1499 4597 pio
1537 4530 1831 4598 certamine]
1869 4550 1900 4582 r
1938 4535 2247 4601 peenamine
2275 4534 2321 4585 R
2479 4536 2607 4584 bone
2643 4535 2693 4582 N
2855 4536 2927 4602 et]
2962 4552 3022 4586 ac

434 4605 554 4656 libri
587 4605 789 4655 Liviani
926 4605 1037 4654 ansi
1074 4598 1289 4666 sumus]
1329 4619 1359 4651 r
1394 4604 1623 4653 ausimus
1659 4602 1872 4652 RMNL
1902 4619 2008 4654 cum
2043 4605 2293 4656 nonnullis
2328 4604 2476 4657 codd.
2523 4604 2630 4657 Lio.
2671 4604 2795 4659 dett.
2847 4605 3020 4656 hausi-

439 4690 552 4723 mus
586 4673 628 4721 S
658 4675 769 4722 ausi
800 4675 960 4723 simus
995 4674 1107 4722 Liv.
1147 4673 1322 4722 Lovel.
1363 4681 1573 4736 quartus
1747 4674 1816 4723 22
1858 4689 2061 4740 queque
2097 4674 2146 4722 D
2195 4688 2393 4736 qnoque
2427 4671 2470 4721 S
2641 4674 2866 4724 ciuitatis
2914 4676 3022 4726 suis
3115 4707 3120 4712 »

440 4745 536 4805 (eat
559 4758 679 4791 suas
703 4742 866 4807 corr.)
899 4743 940 4792 S
973 4743 1149 4792 civitas
1187 4751 1235 4790 et
1271 4743 1620 4793 conditoribus
1655 4742 1765 4794 suls
1799 4742 1976 4793 Livius
2139 4745 2297 4807 Verq.
2327 4743 2463 4795 Aen.
2501 4744 2519 4792 l
2556 4743 2582 4794 1
2622 4745 2672 4792 in
2709 4744 2859 4797 codd.
2894 4747 3020 4796 dete.

438 4813 505 4873 ef.
543 4811 628 4862 lib.
667 4812 760 4861 ΧΠ
795 4814 827 4874 S
867 4812 924 4862 11
1086 4812 1155 4861 24
1185 4812 1409 4860 carmina
1447 4812 1495 4860 L
1658 4814 1726 4862 25
1772 4813 1931 4876 Ver-9.
1971 4813 2100 4864 Aen.
2143 4814 2186 4863 11
2223 4814 2256 4863 5
2287 4829 2367 4879 sq.
2509 4813 2750 4863 aeneidos
2789 4813 2885 4880 (0)

439 4882 510 4930 26
546 4882 803 4930 miserima
839 4881 888 4929 D
1025 4880 1094 4931 28
1135 4882 1291 4944 Ver-9.
1333 4882 1425 4930 ecl.
1460 4883 1511 4936 9,
1553 4880 1617 4930 16
1656 4882 1726 4942 cs.
1764 4884 1797 4944 S
1841 4883 1937 4932 145
2080 4882 2347 4949 bucolicon
2387 4884 2463 4934 Rr-
2610 4882 2678 4934 29
2715 4882 2934 4949 Moeris]
2955 4899 3026 4933 ex

441 4950 675 5000 morieris
709 4964 847 5002 corr.
884 4948 935 4998 N
964 4950 1121 5017 meris
1157 4950 1200 4999 S
1337 4950 1568 5000 menalca
1605 4948 1717 4999 ML
