3576 5595
1426 413 1653 475 LIBER
1695 412 1876 475 XVlll
1905 422 2134 478 42—-47
2957 414 3081 479 227

598 545 641 586 p.
674 533 788 574 1130.
820 533 866 574 31
901 533 947 573 P.
2649 543 2695 583 p.
2727 530 2812 572 124.
2842 532 2893 571 25
2920 530 2975 572 K.

493 604 817 666 nominum.
908 622 1042 664 cum
1097 610 1291 662 autem
1334 602 1462 662 sine
1505 604 1666 661 ‘est’
1712 600 1801 660 vel
1848 600 1960 661 alio
1997 599 2402 661 huiuscemodi
2448 600 2624 662 verbo
2673 602 2764 679 [id
2804 612 2897 664 est
2940 603 3080 663 sub-

495 706 768 783 stantivo]
806 706 1101 785 proferam
1146 703 1436 763 ‘bonum'
1477 702 1567 762 vel
1604 702 2049 763 ‘commodum'
2094 703 2183 763 vel
2228 700 2442 761 ‘utile’
2493 702 2582 762 vel
2614 701 2769 763 aliud
2805 704 3080 765 huiusce-

493 808 647 868 modi
695 806 961 879 casuale,
1010 825 1125 879 non
1173 804 1357 883 ipsius
1400 803 1560 864 verbi
1607 803 1977 881 qualitatem,
2025 804 2129 865 sed
2171 803 2327 864 illius
2368 804 2482 877 rei,
2530 805 2589 865 in
2635 822 2748 882 qua
2804 806 2867 864 fit
2911 813 3076 867 actus

493 906 683 981 verbi,
723 907 1020 984 significo,
1068 916 1134 965 ut
1170 904 1219 966 si
1250 905 1438 966 dicam
1472 905 1715 966 ‘bonum
1747 905 1925 983 lego',
1971 925 2215 966 necesse
2248 915 2338 967 est
2383 905 2470 966 vel
2513 924 2749 967 carmen
2793 906 2883 966 vel
2928 927 3078 987 opus

440 1027 466 1064 5
493 1009 580 1069 vel
612 1008 726 1069 tale
758 1007 975 1085 aliquid
1014 1007 1284 1086 intellegi.
1358 1026 1531 1068 nemo
1563 1007 1718 1068 enim
1749 1007 1892 1067 dicit
1922 1008 2165 1068 ‘bonum
2199 1016 2289 1069 est
2317 1007 2471 1087 lego'
2503 1007 2796 1086 quomodo
2828 1008 3071 1069 ‘bonum

491 1118 581 1171 est
625 1110 861 1187 legere’.
892 1104 920 1191 ΙΙ

661 1210 1041 1272 Nominativis
1079 1227 1313 1289 quoque
1358 1209 1770 1271 adiectivorum
1821 1218 1877 1270 et
1920 1209 2172 1289 obliquis
2219 1229 2420 1271 eorum
2459 1211 2852 1290 pulcherrima
2890 1214 3076 1291 figura

491 1312 864 1389 coniungitur
906 1311 1229 1386 inlinitum,
1284 1318 1350 1374 ut
1393 1312 1587 1373 ‘sortis
1630 1311 1881 1387 bellare;
1935 1312 2194 1391 prudens
2240 1312 2611 1389 intellegere;
2657 1313 2894 1393 sapiens
2938 1336 3076 1395 pro-

489 1414 714 1489 videre;
757 1413 982 1494 peritus
1024 1414 1261 1475 docere'
1307 1422 1365 1474 et
1410 1413 1638 1475 similia.
1728 1413 2083 1475 Horatius
2128 1413 2186 1474 in
2233 1413 2256 1474 Ι
2298 1415 2741 1476 carminum:

416 1530 465 1571 ιο
679 1510 688 1520 ’
886 1562 905 1569 -
1433 1524 1502 1575 et
1546 1515 1876 1577 celerem
1920 1516 2132 1593 sequi
3057 1552 3074 1587 ³

794 1617 1119 1691 Aiacem,
2725 1632 2731 1637 ·

489 1718 546 1779 id
584 1726 674 1780 est
712 1718 993 1779 ‘celerem
1039 1719 1112 1779 ad
1158 1719 1566 1796 sequendum'.
1662 1719 1746 1780 sic
1792 1727 1851 1780 et
1892 1719 2021 1780 alia.

664 1820 812 1881 Illud
859 1819 1032 1880 etiam
1078 1820 1135 1880 in
1180 1820 1295 1882 hoc
1353 1821 1526 1882 modo
1586 1820 2134 1900 contemplandum,
2193 1820 2349 1898 quod
2408 1820 2600 1881 verbis
2657 1820 3065 1902 praeceptivis,
3106 1828 3174 1877 45

491 1922 704 2001 quibus
749 1922 922 1984 dativi
968 1923 1395 2001 adiunguntur,
1452 1941 1768 2002 possumus
1815 1931 1876 1995 et
1915 1921 2277 1983 accusativos
2324 1922 2598 2001 copulare
2647 1922 2887 1985 infinitis
2934 1943 3074 1985 con-

415 2039 461 2080 tr»
492 2024 904 2103 sequentibus,
946 2032 1010 2086 ut
1039 2024 1237 2085 ‘iubeo
1283 2024 1385 2084 tibi
1412 2028 1701 2085 -currere’
1749 2031 1808 2083 et
1851 2023 2060 2084 ‘iubeo
2100 2031 2159 2083 te
2203 2042 2471 2099 currere;
2518 2024 2741 2104 impero
2788 2025 2888 2086 tibi
2937 2045 3073 2105 pro-

490 2124 707 2186 ficisci'
757 2134 815 2185 et
859 2126 1118 2206 ‘impero
1166 2134 1220 2186 te
1257 2125 1586 2205 proticisci3
1640 2125 1938 2204 praecipio
1984 2125 2088 2185 tihi
2130 2124 2362 2203 legere'
2414 2134 2473 2185 et
2511 2126 2845 2205 ‘praecipio
2893 2135 2948 2187 te
2992 2127 3073 2187 le-

489 2232 669 2304 gere’.
763 2227 846 2287 sic
889 2236 946 2288 et
987 2227 1214 2288 similia.
1306 2226 1610 2287 sciendum
1656 2234 1881 2299 tamen,
1929 2226 2086 2304 quod
2132 2226 2188 2286 in
2234 2226 2347 2287 hoc
2386 2244 2566 2287 sensu
2603 2227 2942 2306 frequenter
2986 2229 3074 2289 in-

488 2329 752 2411 venimus
793 2348 900 2408 pro
946 2330 1171 2390 infinito
1218 2328 1393 2389 verbo
1440 2327 1870 2388 subiunctivum
1909 2328 2082 2407 poni,
2140 2335 2204 2388 ut
2246 2328 2455 2388 ‘iubeo
2498 2327 2710 2403 facias;
2768 2329 2940 2391 iubeo
2985 2330 3074 2391 ‹li-

488 2448 620 2504 cas;
680 2430 905 2509 impero
956 2431 1185 2506 venias3
1259 2432 1463 2491 hortor
1520 2429 1739 2507 legas’,
1813 2431 1871 2490 in
1917 2429 2130 2507 quibus
2176 2429 2341 2490 deest
2383 2430 2536 2503 ειη’,
2600 2430 2755 2508 quod
2800 2430 2936 2492 licet
2983 2426 3074 2493 'vel

410 2547 461 2586 20
486 2532 700 2593 addere
743 2531 831 2592 vel
870 2551 1006 2592 non.
1876 2601 1888 2612 ,

656 2634 976 2695 Verborum
1021 2650 1255 2712 quoque
1301 2633 1575 2695 omnibus
1620 2634 1813 2696 modis
1865 2641 1922 2694 et
1981 2633 2304 2714 participiis
2353 2642 2600 2713 possunt
2644 2634 2950 2712 coniungi,
3007 2643 3073 2695 ut

495 2735 651 2801 ‘amo
696 2736 954 2812 discere,
1017 2754 1146 2796 ama
1199 2735 1459 2810 discere,
1523 2736 1745 2797 utinam
1791 2753 2047 2797 amarem
2094 2735 2355 2810 discere,
2425 2755 2559 2797 cum
2600 2736 2914 2796 amaverim
2954 2736 3073 2797 ‹lis-

488 2858 652 2911 cere,
693 2835 702 2921 Ι
742 2857 938 2899 amare
979 2838 1206 2900 discere
1246 2839 1522 2918 prodest,
1563 2858 1766 2900 amans
1812 2839 2082 2900 (liscere'.
2173 2838 2438 2900 similiter
2485 2838 2781 2917 ‘intellego
2830 2840 3065 2914 sentire,
3103 2848 3172 2899 46

485 2939 756 3017 intellege
823 2941 1074 3014 sentire,
1138 2940 1356 3001 utinam
1414 2940 1812 3019 intellegerem
1870 2941 2118 3014 sentire,
2189 2959 2321 3002 cum
2385 2940 2767 3002 intellexerim
2832 2942 3068 3015 sentire,

410 3064 459 3104 τ,
487 3041 825 3119 intellegere
866 3041 1047 3103 filium
1088 3042 1305 3102 sentire
1351 3042 1546 3122 cupio'
1597 3042 1991 3119 [Horatius
2038 3043 2447 3103 carminum
2484 3042 2579 3102 11:

2136 3145 2667 3219 ·1·dedocetuti

789 3245 1093 3320 †Falsis
1140 3245 1526 3323 vocibus];

483 3347 793 3427 participio
834 3348 1008 3409 etiam
1055 3348 1208 3409 ‘volo
1253 3347 1597 3426 intellegens
1639 3348 1899 3409 sentire’.
1993 3349 2077 3409 sic
2116 3348 2330 3409 omnia.

652 3450 760 3510 Est
804 3459 998 3510 tamen
1041 3451 1376 3527 frequenter
1427 3449 1717 3521 invenire,
1774 3449 2008 3511 nomina
2055 3468 2158 3529 pro
2206 3450 2494 3511 adverbiis
2540 3449 2719 3512 totius
2763 3450 2921 3512 verbi
2966 3450 3067 3511 ‹le-
3100 3464 3168 3513 47

406 3551 785 3612 :inclinationi
832 3552 983 3612 bene
1024 3552 1484 3627 accommodari,
1554 3560 1616 3612 ut
1679 3551 1966 3614 ‘sublime
2022 3552 2184 3625 volo,
2237 3552 2500 3613 sublime
2559 3551 2748 3626 volaS,
2818 3552 3068 3614 sublime

488 3653 679 3714 volat'.
775 3654 950 3732 igitur
995 3673 1027 3713 a
1068 3651 1509 3714 constructione
1553 3672 1785 3732 quoque
1844 3654 1952 3714 vim
2008 3654 2090 3714 rei
2145 3655 2487 3728 verborum,
2556 3653 2612 3713 id
2660 3663 2749 3715 est
2794 3654 3066 3727 nominis,

482 3756 638 3834 quod
682 3755 970 3833 significat
1009 3754 1198 3834 ipsam
1241 3773 1394 3828 rem,
1459 3755 1675 3816 habere
1720 3755 2008 3816 infinitum
2053 3775 2369 3835 possumus
2419 3757 2756 3831 dinoscere,
2815 3775 2910 3816 res
2966 3774 3068 3816 au-

623 3927 647 3976 l
695 3924 1045 3975 huiuscemodi
1086 3925 1291 3974 casuale
1324 3925 1480 3975 uerbo
1514 3927 1564 3975 D
1730 3933 1850 3988 post
1880 3924 2235 3976 huiuscemodi
2267 3941 2375 3991 sqq.
2421 3942 2576 3991 usque
2609 3927 2683 3976 ad
2712 3925 3067 3976 huiuscemodi

480 4042 571 4077 om.
604 4028 644 4076 S
783 4027 816 4079 3
853 4027 1057 4078 casuale
1097 4047 1166 4079 ea,-
1205 4029 1410 4080 causale
1445 4043 1579 4078 corr.
1626 4030 1672 4078 L
1820 4026 1980 4093 illius]
2014 4029 2176 4093 ipsius
2218 4030 2268 4078 N
2417 4029 2449 4078 5
2487 4028 2726 4095 intellege
2761 4029 2827 4078 M
2975 4029 3066 4079 bo-

478 4112 597 4146 num
639 4107 715 4148 est
752 4098 890 4166 lego]
929 4115 960 4148 r
996 4100 1163 4149 bonus
1201 4109 1277 4149 est
1314 4098 1431 4163 lego
1474 4100 1516 4149 R
1668 4102 1698 4150 7
1736 4101 2066 4149 nominatiuis
2103 4115 2172 4149 ex
2209 4098 2553 4147 nominatiuus
2587 4115 2723 4149 corr.
2762 4101 2810 4148 L
2951 4099 3067 4164 pul-

476 4168 691 4218 cerrima
728 4170 777 4218 N
916 4169 951 4219 9
981 4169 1113 4224 Hor.
1152 4185 1308 4222 carm.
1349 4170 1365 4217 1
1405 4167 1486 4232 15,
1527 4168 1591 4219 18
1624 4185 1701 4233 sq.
1863 4170 1928 4220 10
1963 4170 2181 4234 celerem
2212 4168 2283 4217 M
2428 4166 2488 4217 12
2526 4177 2603 4217 est
2634 4169 2864 4219 caderem
2901 4170 2967 4218 ad
3005 4169 3075 4219 M

617 4239 682 4289 14
719 4236 949 4303 infinitis]
991 4256 1021 4288 r
1058 4239 1281 4288 infinitos
1323 4238 1369 4289 R
1497 4302 1504 4308 .
1549 4239 1610 4288 15
1648 4240 1871 4305 impeno
1892 4239 1967 4302 (e)
2005 4238 2049 4286 L
2215 4246 2331 4301 post
2366 4238 2649 4302 proficisci:
2703 4247 2750 4288 et
2787 4239 2982 4303 impero
3015 4248 3066 4289 te

475 4306 730 4372 proficisci
765 4324 861 4359 om.
901 4311 946 4359 13
984 4310 1105 4358 add.
1148 4326 1179 4359 r
1355 4308 1418 4360 17
1465 4306 1728 4371 sequenter
1762 4310 1811 4357 D
1985 4308 2238 4357 inuenitur
2274 4307 2316 4355 S
2492 4308 2555 4358 18
2593 4308 2841 4357 infinitiuo
2879 4308 2927 4356 L

964 4399 967 4402 .
1814 4405 1828 4418 ,
2711 4373 2782 4414 uel
2812 4373 3022 4415 didicisse

474 4426 622 4493 poni]
654 4428 691 4476 ά
721 4443 853 4494 pone
891 4430 938 4478 D
1096 4430 1257 4480 facias
1297 4438 1347 4479 et
1384 4429 1533 4479 iubeo
1571 4429 1662 4478 Sl.
1842 4429 1906 4482 19
1945 4426 2018 4494 ut]
2059 4431 2077 4478 l
2114 4431 2166 4478 in
2202 4428 2252 4477 L
2424 4429 2491 4477 22
2525 4442 2747 4478 amarem
2781 4429 2980 4479 discere
3014 4430 3066 4478 D

612 4498 921 4564 amaverim]
962 4502 1169 4549 amarini
1211 4498 1253 4548 Ο
1426 4498 1654 4562 discere]
1697 4516 1726 4547 r
1764 4499 2009 4549 didicisse
2048 4499 2164 4548 ΠΜ
2197 4497 2479 4548 (ἰοᾱίᾳοίεεε
2505 4499 2575 4560 (s)
2607 4498 2655 4546 L
2705 4497 2947 4548 didicisse
2982 4499 3064 4547 uel

474 4566 668 4616 discere
706 4570 757 4618 N
930 4567 997 4620 23
1045 4571 1262 4619 discere.
1316 4568 1527 4618 Prodest
1558 4577 1735 4617 amaus
1771 4569 1987 4618 discere.
2036 4571 2085 4618 D
2259 4567 2498 4633 intellege
2537 4568 2725 4618 sentire
2762 4584 2854 4622 om.
2897 4568 2973 4625 Δ,
3014 4569 3066 4616 in

473 4651 566 4699 my.
608 4638 839 4702 intellige
870 4640 1057 4688 sentire
1082 4621 1216 4702 Md.
1249 4641 1270 4687 Ι
1439 4640 1506 4688 25
1555 4637 1847 4702 intellegere
1887 4639 2045 4687 lilium
2078 4638 2267 4687 sentire
2299 4653 2392 4687 om.
2431 4638 2476 4687 R
2516 4637 2636 4687 add.
2673 4655 2704 4686 r
2877 4639 3064 4688 sentire

472 4706 631 4755 lilium
683 4708 725 4756 S
893 4710 1026 4759 Hor.
1075 4725 1228 4758 carm.
1283 4708 1323 4756 ΙΙ
1371 4708 1435 4767 2,
1492 4706 1554 4757 19
1588 4723 1697 4773 sqq.
1752 4707 1897 4757 salsis
1927 4707 1938 4774 Ι
1969 4707 2191 4757 Dedecet
2225 4707 2296 4756 uti
2328 4707 2338 4772 Ι
2372 4707 2597 4758 Vocibus
2782 4709 2830 4756 in
2881 4709 3066 4756 carmi-

475 4789 593 4826 num
625 4777 679 4826 ll.
707 4777 751 4826 L
892 4777 959 4828 26
979 4779 1127 4828 docet
1148 4779 1213 4828 M
1233 4778 1410 4827 edocet
1429 4794 1473 4827 v.
1492 4778 1525 4826 l.
1554 4792 1636 4839 ap.
1659 4778 1796 4830 Hor.
1939 4778 2008 4828 28
2039 4778 2112 4827 sic
2139 4786 2186 4827 et
2211 4777 2440 4827 omniaS
2564 4775 2633 4828 29
2653 4776 2893 4828 aduerbis
2911 4776 2959 4825 L

473 4843 543 4895 30
573 4846 969 4912 accommodari]
990 4849 1028 4897 d
1049 4849 1341 4899 acomodari
1363 4847 1429 4896 M
1450 4847 1740 4896 conmodari
1766 4848 1817 4896 D
1958 4847 2175 4897 sublime
2199 4846 2314 4896 volo
2344 4854 2438 4899 etc.
2472 4847 2542 4912 cs.
2571 4848 2740 4899 adnot.
2769 4848 2842 4898 ad
2858 4846 2944 4896 tib.
2971 4847 3063 4896 XV

472 4911 505 4978 S
535 4914 568 4966 5
710 4913 877 4984 volas]
901 4915 1080 4969 uolans
1098 4916 1140 4970 S
1271 4916 1337 4972 31
1377 4917 1725 4970 contractione
1745 4916 1794 4967 L
1931 4916 1998 4970 32
2026 4917 2080 4984 ,in
2107 4915 2354 4970 infinitum
2379 4916 2459 4970 13»-
2488 4918 2791 4970 iuflnitluum
2817 4913 3069 4970 MODNS

2531 5004 2660 5069 15*
