3576 5595
936 412 1033 471 DE
1080 412 1370 471 Fthnls
1416 410 1881 470 NVMERORVM
1921 411 2166 471 LIBER.
2219 421 2408 474 9—-14
2845 409 2971 469 409

488 539 529 579 p.
562 527 676 567 1³⁴3.
708 528 757 565 tt)
786 528 831 566 Ρ.
2534 536 2577 576 p.
2607 525 2699 564 392.
2728 524 2780 564 93
2809 525 2862 564 Κ.

387 599 686 657 semuncia
732 598 911 657 semis
948 598 1187 657 unciae:
1236 597 1382 657 duae
1431 596 1687 655 sextulae
1725 605 1864 655 sunt
1911 597 2076 656 tertia
2121 616 2258 675 pars
2305 596 2540 668 unciae,
2604 596 2661 654 id
2702 604 2794 654 est
2830 597 2974 655 seri-

390 699 509 777 puli
564 709 728 760 oeto:
797 699 1054 758 sicilicus
1115 698 1354 777 scripuli
1408 718 1538 757 sex:
1608 697 1832 757 sextula
1887 698 2127 777 scripuli
2179 707 2485 774 quattuor:
2555 696 2788 755 dimidia
2845 716 2974 755 sex-

388 800 507 859 tula
553 801 792 879 scripuli
838 801 974 860 duo.
1057 797 1282 880 rnrlsus
1349 799 1569 858 sextula
1639 808 1699 858 et
1748 798 2050 858 dimidium
2105 799 2365 857 sextulae
2417 797 2674 857 sicilicus
2717 797 2977 876 appella-

392 910 516 973 tur,
558 901 853 979 scripulus
900 901 1145 977 siliquae
1198 920 1329 962 sex:
1395 901 1602 978 siliqua
1660 909 1749 959 est
1805 899 1962 976 quod
2020 900 2223 960 dicunt
2283 900 2490 959 Graeci
2524 892 2831 976 οκεράτιον
2887 899 2975 958 vel

346 993 616 1072 ὁλεπτόςζ

538 1104 943 1162 Necessarium
978 1111 1173 1161 tamen
1207 1102 1521 1162 existimavi
1557 1102 1627 1164 ad
1661 1102 2057 1162 confirmanda
2089 1121 2264 1181 supra
2297 1102 2446 1161 dicta
2481 1102 2725 1161 diversis
2748 1109 2951 1161 aucto-
2981 1109 3146 1161 11112

393 1205 555 1264 rihus
581 1203 660 1262 de
696 1205 787 1263 his
816 1204 966 1262 dicta
1001 1203 1289 1263 subicere.
1335 1202 1588 1262 Livius
1619 1202 2033 1263 inxxxttlt
2064 1204 2149 1262 ab
2185 1205 2365 1263 urhe
2402 1204 2698 1263 condita
2753 1203 2980 1262 ‘mul-

395 1304 751 1365 titudinis
797 1324 1040 1364 eorum
1088 1312 1601 1381 argumentum
1646 1304 1774 1375 sit,
1841 1304 2028 1380 quod
2083 1304 2434 1382 Polybius
2481 1305 2752 1378 scri-bit
2805 1324 2981 1364 een-

398 1415 544 1466 tum
593 1407 902 1466 talentis
948 1424 1096 1464 eam
1158 1424 1303 1464 rem
1351 1405 1667 1465 Achaeis
1723 1405 2069 1476 stetisse,
2139 1425 2293 1464 cum
2349 1406 2804 1482 quingentos
2861 1406 2983 1465 de-

333 1508 659 1568 nonan-ios
698 1508 1017 1586 pretium
1065 1508 1133 1565 in
1182 1507 1458 1584 capita,
1528 1505 1715 1583 quod
1756 1507 2208 1566 redderetur
2254 1507 2605 1578 dominiS‚
2665 1508 2984 1567 statuis·

400 1617 581 1669 sent.
667 1610 869 1668 mille
913 1609 1101 1668 enim
1149 1608 1516 1668 ducentos
1557 1626 1634 1666 ea
1678 1607 1979 1667 ratione
2023 1608 2291 1668 Achaia
2338 1608 2602 1667 hahuit
2645 1609 2985 1688 captivos

401 1709 757 1770 Italicos'.
835 1729 948 1786 qua
1001 1710 1227 1769 ratione
1271 1707 1602 1768 ostenditur
1642 1727 1743 1767 sex
1787 1708 1942 1768 milia
1990 1709 2361 1768 denariorum
2413 1709 2630 1770 hahere
2685 1710 2983 1770 talentum.

400 1830 536 1870 nam
580 1830 710 1870 eum
744 1809 771 1893 Η
801 1812 1075 1889 quingeni
1120 1810 1341 1870 denarii
1389 1828 1495 1888 pro
1540 1809 1697 1869 mille
1741 1809 2009 1868 ducentis
2052 1811 2294 1890 captivis
2334 1810 2450 1870 dati
2485 1811 2833 1888 colligantur
2863 1830 2988 1870 ses·

403 1919 570 1971 centa
616 1912 770 1971 milia
816 1912 1220 1983 denariorum,
1278 1920 1513 1970 centum
1559 1929 1624 1969 ea
1669 1909 1925 1970 ostendit
1970 1912 2148 1970 fuisse
2206 1911 2439 1970 talenta.
2520 1913 2838 1971 centesima
2886 1931 2989 1971 au·
3023 1917 3086 1967 13

338 2025 384 2063 1⁵
407 2023 519 2071 tem
563 2033 700 2091 pars
747 2021 1148 2072 sescentorum
1182 2011 1400 2071 milium
1442 2030 1541 2069 sex
1575 2011 1728 2070 milia
1771 2012 2159 2071 inveniuntur.
2233 2013 2452 2072 denarii
2489 2023 2682 2072 autem
2715 2013 2811 2072 illo
2840 2023 2990 2072 tem·

404 2132 546 2191 pore
592 2114 810 2173 nummi
857 2114 1117 2190 argentei
1162 2097 1332 2172 erant
1366 2112 1567 2189 viginti
1603 2122 1879 2188 quattuor
1910 2113 2280 2190 siliquarum,
2326 2115 2478 2191 quod
2513 2114 2570 2174 in
2604 2114 2809 2173 eodem
2842 2113 2989 2172 lihro

404 2214 659 2273 ostendit
684 2216 964 2285 Livius,
990 2214 1303 2292 ‘signati
1335 2213 1627 2290 argenti
1654 2212 2046 2275 Lxxxtnt
2080 2216 2278 2275 milia
2311 2218 2518 2275 suere
2543 2214 2990 2275 Atticorum:

408 2315 945 2375 tetradrachma
981 2325 1260 2375 vocant.
1310 2315 1528 2374 trium
1556 2316 1712 2384 sere
1743 2314 2215 2376 denariorum
2240 2317 2308 2375 in
2341 2317 2672 2394 singulis
2703 2316 2991 2393 argenti

407 2426 519 2475 est
567 2417 913 2494 pondus’.
1000 2417 1158 2489 vide,
1206 2416 1365 2493 quod
1416 2425 1689 2493 quattuor
1739 2415 2055 2476 drachmae
2099 2418 2214 2476 sint
2259 2418 2626 2496 septuaginta
2677 2417 2826 2477 duae
2871 2417 2994 2476 sili-

339 2535 390 2573 20
412 2536 559 2593 quae
605 2518 880 2592 (diximus
921 2518 1073 2577 enim
1119 2518 1423 2597 superium,
1469 2517 1624 2595 quod
1666 2526 1784 2577 tres
1830 2518 2016 2589 oholi,
2064 2538 2312 2596 quorum
2356 2520 2566 2597 singuli
2613 2539 2714 2580 sex
2756 2519 2998 2596 siliquas

409 2618 692 2691 habeant,
729 2618 1067 2679 drachmam
1110 2619 1387 2691 faciunt),
1417 2628 1539 2679 tres
1575 2631 1769 2679 autem
1809 2620 2029 2679 denarii
2063 2621 2216 2679 idem
2250 2621 2533 2691 habeant,
2578 2621 2636 2680 id
2676 2630 2764 2679 est
2794 2620 2998 2681 Lxxn

409 2721 669 2796 siliquas,
738 2720 891 2780 idem
926 2721 1179 2781 Livius
1222 2720 1279 2780 in
1312 2720 1594 2780 xxxvnt
1640 2721 1714 2780 ah
1759 2720 1905 2781 urbe
1946 2721 2176 2781 condita
2211 2722 2469 2782 ostendit
2497 2741 2773 2801 magnum
2804 2721 2996 2803 talen-1

412 2832 534 2883 tum
588 2823 839 2883 Atticum
895 2823 1189 2899 octoginta
1246 2822 1461 2881 hahere
1506 2822 1683 2882 lihras
1729 2831 1786 2881 et
1839 2822 2010 2901 paulo
2066 2823 2227 2902 plum,
2298 2844 2429 2898 qum
2488 2844 2665 2904 supra
2714 2825 3001 2884 dictorum

412 2924 772 3001 computatio
816 2925 1151 2983 manifestet
1196 2923 1487 2999 octoginta
1538 2932 1657 2983 tres
1696 2922 1876 2982 libras
1921 2932 1976 2982 et
2014 2934 2288 3001 quattuor
2325 2927 2527 2986 uncias
2568 2924 2784 2985 hahere
2820 2925 3004 2984 talen-

341 3042 391 3079 25
415 3035 569 3095 tum,
638 3026 792 3101 quod
853 3033 943 3083 est
1003 3043 1101 3083 sex
1149 3023 1302 3082 milia
1359 3023 1762 3084 denariorum:
1831 3024 2086 3085 Livius
2154 3027 2549 3087 ‘talentum
2614 3044 2699 3085 ne
2761 3026 3004 3085 minus

416 3126 658 3206 pondo
704 3126 1097 3202 octogiuta
1148 3126 1487 3185 Romanis
1546 3125 2012 3205 ponderibus
2069 3127 2411 3205 pendat'3
2477 3128 2531 3188 id
2590 3137 2707 3198 est,
2760 3127 2848 3187 sic
2901 3126 3004 3185 de-

416 3228 594 3288 erevit
642 3237 917 3297 senatus,
962 3235 1022 3285 ut
1069 3245 1185 3285 non
1233 3226 1368 3305 plus
1413 3245 1588 3303 quam
1637 3236 1838 3287 ternae
1885 3228 2068 3288 librae
2110 3236 2167 3288 et
2203 3238 2520 3305 quaternae
2557 3228 2766 3289 unciae
2805 3228 3005 3305 singu—

415 3330 487 3390 lis
532 3328 724 3388 desint
771 3329 1059 3388 talentis«
1108 3338 1165 3387 et
1212 3329 1548 3401 sciendum,
1596 3330 1750 3406 qnod
1797 3330 2120 3390 secundum
2157 3331 2296 3389 Livii
2341 3331 2835 3410 computationem
2866 3338 3103 3389 cen-14

418 3441 537 3490 tum
589 3431 779 3490 minae
814 3430 1069 3502 Atticae,
1113 3449 1359 3508 quarum
1398 3430 1661 3506 singulae
1708 3431 2073 3509 septuaginta
2121 3432 2378 3509 quinque
2423 3433 2728 3493 drachmas
2769 3431 3004 3504 habent,

348 3533 636 3592 sosaciunt
686 3532 964 3591 talentum
1011 3551 1307 3609 magnum.
1388 3552 1524 3592 nam
1568 3532 1761 3592 minus
1809 3531 2105 3610 sexaginta
2152 3534 2329 3593 habet
2369 3535 2691 3594 secundum
2735 3532 3008 3593 Darda-

418 3653 599 3693 num.
674 3634 830 3711 quod
862 3643 1057 3694 antem
1090 3642 1179 3695 est
1223 3648 1498 3712 magnum
1549 3643 1607 3694 et
1654 3636 1881 3710 minus,
1921 3635 2177 3695 ostendit
2220 3636 2629 3697 Terentius
2674 3637 2733 3695 in
2778 3635 3009 3695 Phor-

420 3735 688 3808 mione,

424 3992 601 4039 unciae
633 3990 692 4040 11.
729 3992 880 4038 uncia
920 3992 957 4038 1.
999 3990 1130 4038 duae
1161 3991 1439 4039 dimidiae:
1466 4002 1636 4057 partes
1674 3994 1855 4040 unciae
1891 4008 2111 4041 secunx:
2150 3994 2228 4041 uel
2270 4001 2324 4040 ut
2361 3993 2445 4040 alii
2484 3994 2768 4040 sescuncia:
2807 4000 2908 4040 tres
2933 3991 3012 4041 di-

426 4062 612 4109 midiae
652 4070 820 4126 panes
855 4062 1030 4108 unciae
1066 4075 1099 4115 ς
1137 4062 1315 4109 unciae
1352 4062 1669 4109 duae.11ueia
1710 4076 1960 4119 sese-unx,
2002 4064 2078 4110 vel
2116 4073 2168 4111 ut
2205 4063 2309 4120 alii,
2350 4064 2614 4110 sescuncia
2646 4062 2855 4109 dimidia
2891 4077 3012 4126 pars

425 4190 474 4229 et
504 4182 657 4228 uncia
698 4181 1071 4230 Lindemannus
1207 4181 1240 4229 5
1282 4197 1482 4231 Λεητυο
1522 4182 1571 4229 Ρ
1600 4195 1763 4229 amoc
1805 4183 1913 4230 RV
1944 4154 2103 4231 fxi-oc
2138 4184 2186 4230 Α
2346 4182 2378 4231 6
2414 4196 2571 4244 supra
2606 4182 2796 4245 scripta
2833 4182 2881 4229 Ρ

424 4268 451 4299 a
491 4250 709 4299 diuersis
746 4265 780 4303 ς
920 4253 948 4299 7
993 4250 1252 4300 subiecere
1288 4252 1335 4298 A
1475 4252 1525 4299 iu
1573 4248 1793 4298 xxxut
1845 4252 2009 4301 V:c.
2034 4252 2103 4298 50
2261 4252 2296 4301 8
2332 4250 2568 4314 polubius
2607 4252 2654 4297 Α
2713 4251 2931 4313 polibius
2971 4250 3018 4298 P

561 4320 595 4367 9
633 4318 805 4367 aeheis
845 4320 893 4367 Ρ
925 4320 1091 4385 atheis
1124 4320 1233 4369 RV
1265 4319 1426 4369 atheis
1466 4320 1514 4367 A
1552 4317 1750 4367 athenis
1788 4332 1822 4373 ς
1963 4321 2184 4369 stetisset
2223 4321 2267 4367 P
2410 4320 2472 4369 lo
2509 4319 2770 4366 redderem
2809 4335 2843 4375 5
2887 4322 3012 4368 reci-

425 4392 604 4438 derent
645 4390 773 4437 Ven.
814 4405 865 4436 α.
910 4391 1043 4440 1492
1192 4391 1248 4440 11
1288 4405 1347 4439 ea
1385 4391 1576 4438 ratione
1616 4387 1666 4434 P
1697 4396 1744 4435 et
1782 4389 1978 4436 ratione
2004 4389 2100 4438 RA
2139 4399 2187 4437 et
2222 4390 2349 4437 ratio
2386 4391 2442 4437 V
2470 4403 2533 4435 ex
2571 4388 2765 4435 ratione
2802 4402 2835 4443 ς
2874 4404 2899 4436 a
2936 4406 3016 4438 re-

427 4462 579 4524 gione
618 4459 832 4509 Asca-ns.
992 4459 1053 4508 13
1092 4460 1308 4524 captiuis
1346 4459 1451 4506 dati
1487 4456 1703 4521 captiuis
1742 4457 1944 4505 PRVA
2109 4459 2378 4521 colligatur
2424 4458 2477 4503 V
2646 4457 2707 4506 1⁴
2743 4460 3017 4507 centesima

427 4532 561 4577 euim
598 4530 974 4578 Lindemamms
1007 4545 1078 4577 ex
1110 4530 1281 4578 coaelice
1315 4528 1356 4576 S
1498 4528 1560 4576 16
1597 4527 1795 4589 argenti
1842 4528 1894 4573 V
2031 4526 2082 4574 in
2121 4528 2297 4574 eodem
2335 4523 2486 4589 libro]
2523 4542 2569 4573 c.
2611 4528 2696 4577 52).
2837 4530 2896 4577 17
2936 4545 3017 4576 ar-

428 4599 566 4663 genti
612 4613 705 4650 om.
742 4598 927 4659 RVA,
967 4601 1092 4647 add.
1130 4599 1179 4645 P
1342 4596 1528 4646 Lxxx
1564 4595 1612 4643 P
1776 4595 1840 4644 18
1876 4596 2150 4644 tetrachma
2197 4597 2296 4644 VA
2336 4596 2610 4643 tethraema
2643 4596 2692 4644 P
2737 4596 3019 4646 (litt-achina

427 4670 505 4727 «ti
546 4672 594 4715 in
630 4668 807 4731 litura)
846 4669 887 4716 S
917 4667 1336 4716 tetradmchmam
1380 4668 1588 4715 Acrem.
1631 4665 1751 4711 Am.
1928 4668 2187 4728 argenteis
2239 4677 2314 4711 est
2354 4666 2553 4728 pondus
2591 4682 2625 4720 ς
2790 4668 2859 4715 20
2913 4679 3017 4716 tres

428 4738 634 4802 scuipuli
675 4737 963 4785 Ptdsclu'us:
1001 4748 1104 4785 tres
1141 4738 1457 4798 obliquorum
1501 4735 1718 4797 siugulis
1754 4749 1846 4781 sex
1893 4734 1945 4780 V
2057 4736 2124 4781 ‘22
2164 4736 2213 4781 in
2251 4732 2486 4782 XXXU!
2530 4736 2672 4784 PRA
2714 4737 2765 4783 in
2803 4735 3016 4786 XXXUI

438 4808 530 4854 V:
569 4823 613 4854 e.
653 4807 721 4856 :38
877 4807 946 4856 26
998 4807 1168 4870 pondo
1205 4808 1233 4853 ὅ
1273 4808 1531 4869 octaginta
1585 4806 1632 4851 P
1766 4806 1835 4851 20
1879 4804 2121 4851 talentum
2169 4818 2412 4867 maguum
2467 4816 2515 4851 et
2564 4807 2732 4854 miuus
2770 4821 2886 4854 nam
2925 4808 3018 4854 mi-

431 4891 527 4923 nus
565 4890 600 4929 ς
773 4878 824 4924 in
879 4872 1200 4937 Phormionej
1247 4875 1332 4922 llll
1371 4876 1422 4933 3,
1460 4879 1494 4922 8
