3576 5595
562 1380 629 1432 73

565 2289 631 2337 74

663 461 782 521 150
1650 456 2028 520 l'RlSClANl
2072 459 2257 520 lNST.

763 592 802 630 p
839 579 945 617 too
978 575 1100 617 71¹·
2863 589 2903 629 p.
2934 580 2998 619 4⁶
3034 579 3089 616 z·
3125 577 3178 616 κ

658 652 718 711 in
770 668 943 727 quem
989 647 1312 707 ἰιιΙ(ιι(Ιίῐιιι·
1355 665 1551 707 sermo
1597 644 1683 705 vel
1730 654 1975 726 propter
2022 647 2133 709 hoc
2193 656 2384 707 autem
2448 648 2532 706 vel
2582 648 2754 708 etiam
2807 659 3060 728 propter
3112 648 3290 723 illud,

661 752 816 831 quod
861 770 978 811 non
1027 749 1136 829 ipsi
1187 748 1357 808 nobis
1402 748 1759 828 imponimus
1806 749 2075 821 nomina,
2135 750 2291 826 quod
2340 769 2510 809 suum
2557 758 2648 810 est
2684 750 2907 829 primae
2950 770 3288 829 personae,

661 873 771 914 nec
818 852 915 912 ad
943 871 1045 911 eos
1089 851 1186 929 qui
1236 858 1561 911 nascuntur
1605 849 1979 910 intendentes
2031 869 2396 927 sermonem,
2454 852 2608 930 quod
2657 861 2748 912 est
2794 852 3101 912 secundae
3146 872 3290 931 per·

662 975 871 1029 sonae,
940 973 1143 1014 eorum
1198 952 1552 1032 positionem
1618 951 1710 1026 (id
1773 961 1864 1012 est
1920 953 2420 1029 nominationem)
2486 952 2758 1014 facimusl
2857 974 3116 1015 necesse
3192 962 3290 1013 est

662 1077 803 1136 ergo
848 1058 904 1117 in
956 1054 1181 1115 tertiam
1225 1073 1541 1133 personam
1586 1055 1913 1114 concedere
1973 1054 2206 1115 nomina
2264 1074 2368 1134 per
2423 1048 2630 1116 omues
2676 1076 2850 1116 casus
2896 1054 3135 1134 absque
3182 1075 3288 1113 vo-
3315 1072 3340 1108 s.

662 1161 878 1233 cativo,
943 1158 1041 1235 qui
1111 1155 1335 1236 primus
1397 1158 1673 1217 transfert
1737 1156 2091 1236 positionem
2152 1153 2208 1216 a'
2248 1157 2414 1218 tertia
2484 1176 2737 1236 persona
2795 1157 2867 1217 ad
2918 1157 3288 1230 secundam,

665 1268 978 1343 propterea
1020 1258 1178 1337 quod
1223 1278 1332 1338 per
1378 1278 1511 1319 eum
1560 1260 1623 1318 lit
1670 1257 2093 1318 demonstratio
2137 1278 2422 1338 praesens
2467 1260 2622 1329 eiuS,
2671 1259 2729 1319 in
2770 1277 2943 1338 quem
2984 1261 3151 1319 facta
3205 1259 3289 1320 sit

665 1364 879 1444 positio
927 1361 1198 1423 nominis.
1292 1359 1431 1421 illud
1489 1378 1720 1439 quoque
1764 1360 2169 1433 manifestum,
2231 1360 2391 1439 quod
2437 1380 2466 1420 a
2517 1361 2687 1421 nobis
2732 1360 2904 1421 verba
2954 1361 3286 1434 facientes,

663 1466 719 1526 id
774 1473 865 1525 est
918 1465 1317 1544 proferentes,
1372 1462 1443 1522 ad
1502 1462 1645 1523 alias
1700 1461 1983 1522 debemus
2032 1482 2098 1521 ea
2149 1481 2438 1542 personas
2485 1463 2805 1523 intendere.
2898 1472 2955 1523 et
2995 1472 3284 1543 apparet,

663 1567 817 1646 quod
869 1586 988 1628 non
1045 1566 1181 1627 licet
1239 1564 1573 1626 nominibus
1632 1565 1744 1636 uti,
1813 1563 1989 1642 quod
2019 1564 2319 1625 tertiarum
2365 1573 2501 1624 sunt
2552 1586 2619 1626 ea
2664 1584 3086 1645 personarum,
3167 1566 3282 1625 sed
3317 1580 3363 1620 ιο

663 1669 810 1730 ratio
852 1668 1028 1747 exigit
1071 1688 1102 1728 a
1151 1667 1336 1746 prima
1382 1667 1454 1726 ad
1502 1667 1821 1727 secundam
1871 1666 1994 1726 lieri
2043 1665 2248 1740 verba;
2324 1667 2706 1745 quamobrem
2759 1668 3069 1727 subierunt
3133 1687 3285 1747 pro-

664 1771 930 1844 nomina,
998 1770 1112 1830 hoc
1176 1769 1334 1847 quod
1399 1788 1516 1829 non
1571 1776 1801 1849 poterat
1858 1787 2072 1828 nomen
2144 1769 2531 1848 complentia,
2603 1787 2734 1830 cum
2805 1769 3054 1831 dicimus
3123 1771 3284 1847 ‘ego

665 1872 767 1933 tibi
815 1871 1087 1951 scripsi’.

835 1973 1134 2034 Praedicta
1183 1982 1377 2034 autem
1424 1981 1514 2034 est
1568 1991 1779 2045 causa,
1834 1982 2192 2051 quapropter
2236 1991 2561 2052 pronomen
2608 1991 2787 2033 unum
2833 1992 2940 2053 pro
2987 1973 3283 2034 omnibus

665 2076 952 2156 accipitur
1004 2074 1373 2148 nominibus,
1437 2074 1491 2135 id
1550 2083 1641 2134 est
1704 2074 1859 2151 quod
1917 2073 2478 2134 demonstrationem
2540 2074 2626 2135 vel
2680 2073 3021 2135 relationem
3082 2075 3278 2136 habet
3312 2091 3357 2129 ¹⁵

666 2162 912 2239 alicuius
955 2186 1150 2238 certae
1194 2177 1587 2249 substantiae,
1644 2194 1795 2254 quae
1840 2176 1899 2235 in
1946 2176 2219 2237 omuibus
2278 2175 2530 2255 propriis
2584 2184 2672 2237 est
2723 2176 3090 2252 nominibuS,
3153 2197 3278 2239 una

671 2281 991 2358 eademque
1036 2298 1178 2341 voce
1221 2279 1621 2356 significanda.
1714 2296 1888 2338 nemo
1930 2287 2124 2338 tamen
2166 2285 2358 2357 putet,
2417 2278 2574 2355 quod
2622 2278 2764 2338 nihil
2817 2297 2959 2340 usus
3007 2280 3279 2340 habeant

669 2383 870 2444 tertiae
917 2382 1264 2462 pronomina
1303 2372 1623 2461 personae,
1670 2400 1805 2441 cum
1853 2380 2047 2440 omnia
2091 2379 2327 2440 nomina
2374 2380 2431 2439 iu
2476 2400 2602 2441 eam
2651 2392 2900 2461 possunt
2948 2401 3275 2461 personam

667 2485 887 2564 accipi,
933 2493 991 2544 et
1036 2483 1222 2544 dicat:
1269 2483 1356 2543 ‘si
1400 2492 1649 2561 possent
1691 2483 1748 2543 in
1791 2482 1976 2562 prima
2015 2493 2071 2543 et
2113 2482 2368 2543 secimda
2415 2482 2657 2543 inveniri
2703 2483 2945 2543 nomina
2987 2502 3274 2562 persona,

631 2586 936 2651 -fortassis
990 2605 1100 2646 uec
1157 2584 1629 2664 excogitarentur
1682 2584 2028 2665 pronomina
2047 2586 2085 2643 ’.
2177 2602 2310 2643 nam
2367 2581 2719 2664 possullmus
2766 2585 2838 2645 ad
2887 2586 2999 2645 hoc
3043 2585 3271 2658 dicere,
3304 2600 3353 2639 ²⁰

668 2687 826 2765 quod
867 2687 1212 2766 pronomina
1256 2687 1438 2749 semel
1484 2684 1807 2769 nolminum
1866 2686 1998 2746 loco
2060 2693 2192 2744 nata
2252 2704 2321 2744 cx
2365 2685 2668 2747 accidente
2714 2682 3045 2748 liabuer‘unt
3089 2686 3273 2748 etiam

669 2790 1261 2892 demonstrationem;
1326 2789 1436 2851 sub
1481 2789 1668 2851 oculis
1712 2788 1867 2851 enim
1910 2807 2115 2848 omnes
2161 2807 2363 2849 eorum
2410 2808 2698 2867 personae
2744 2789 3093 2871 plerumque
3138 2811 3277 2872 cer5

670 2901 907 2953 nuntur.
1013 2892 1209 2971 itaque
1270 2891 1653 2972 praecipuum
1714 2891 2046 2952 habuerunt
2111 2888 2385 2950 accidens
2452 2891 3045 2967 demonstrationem,
3114 2913 3274 2972 quae

603 3019 608 3024 ·
667 2995 929 3080 pro-fecta
984 3014 1090 3074 per
1144 2995 1616 3056 coniunctionem
1671 2993 1895 3074 primae
1955 3002 2014 3053 et
2070 2992 2363 3053 secundae
2423 3012 2710 3072 personae
2768 2995 3032 3076 pervenit
3088 2995 3273 3056 etiam

569 3108 635 3158 75
675 3096 745 3156 ad
793 3097 1044 3157 tertiam.
1137 3117 1253 3158 non
1299 3096 1474 3176 igitur
1514 3096 1669 3175 quod
1717 3115 1835 3156 non
1883 3095 2058 3158 habet
2103 3093 2301 3155 tertias
2347 3113 2632 3174 personas
2676 3116 2924 3170 nomen,
2984 3097 3114 3158 ideo
3164 3116 3272 3157 ex·
3301 3111 3350 3150 ²5

669 3197 920 3276 cogitata
963 3209 1104 3260 sunt
1151 3199 1528 3279 pronomina,
1591 3198 1695 3258 sed
1751 3198 2027 3275 quoniam
2087 3197 2294 3276 expers
2352 3207 2442 3257 est
2498 3197 3045 3274 demonstrationis,
3112 3219 3271 3278 quae

669 3309 758 3361 est
801 3302 860 3362 in
903 3301 1368 3381 pronominibus
1458 3303 1654 3380 itaque
1706 3301 1861 3360 inest
1902 3307 2213 3377 utrumque
2259 3299 2315 3358 in
2359 3299 2455 3359 illo
2501 3300 2956 3377 virgiliano:

1695 3405 1702 3412 '
1861 3401 1981 3461 hic
2028 3403 2311 3462 Caesar
2350 3409 2419 3461 et
2461 3403 2703 3463 omnis
2749 3402 2883 3464 luli

972 3504 1109 3564 Pro
1125 3505 1415 3582 genieS,

809 3692 832 3740 l
876 3667 1043 3741 aulem
1077 3705 1168 3741 om.
1203 3692 1248 3740 L
1397 3693 1430 3740 2
1462 3698 1581 3752 post
1617 3691 1823 3739 uomina
1859 3706 1971 3754 sqq.
2012 3706 2168 3754 usque
2195 3691 2271 3741 ad-
2301 3690 2507 3741 nomina
2544 3705 2637 3742 om.
2681 3691 2725 3740 R
2761 3693 2885 3745 add.
2919 3708 2950 3740 1·
3101 3693 3134 3744 3
3173 3709 3269 3744 nec

667 3761 794 3810 adeo
834 3762 919 3824 qui
955 3763 1002 3812 L
1146 3762 1177 3810 5
1215 3775 1336 3825 ergo
1371 3763 1438 3808 ad
1473 3761 1672 3809 tertiam
1714 3762 1760 3808 L
1913 3761 1943 3809 7
1981 3759 2118 3825 eum]
2162 3777 2192 3808 1·
2228 3776 2337 3809 enm
2379 3760 2562 3810 RODS
2597 3761 2805 3823 quidam
2842 3764 3045 3812 codices
3076 3764 3268 3813 habeut

670 3847 760 3895 per
797 3847 912 3880 eum
953 3838 1006 3879 ut
1041 3831 1379 3880 subaudiatur
1415 3831 1703 3880 uocatiuum
1742 3833 1780 3879 d
1816 3831 1867 3879 in
1901 3847 1994 3896 my.
2048 3831 2118 3893 cs.
2159 3832 2393 3893 Apollon.
2435 3832 2469 3878 l.
2506 3831 2540 3877 Ι.
2580 3846 2637 3892 p.
2673 3831 2800 3891 113,
2838 3835 2906 3882 25
2943 3849 3054 3898 sqq.
3235 3835 3269 3884 8

673 3919 702 3946 Ν

669 3953 882 4003 *ominis
906 3949 991 4016 (h)
1022 3951 1099 4001 131·
1236 3951 1270 4000 9
1308 3948 1539 4017 apparet]
1582 3952 1620 4002 d
1651 3960 1828 4017 aparet
1860 3953 1909 4001 D
2052 3951 2119 4002 10
2154 3949 2239 4016 ea]
2275 3967 2305 4000 r
2342 3951 2391 3999 ἃ
2428 3951 2473 4000 11
2617 3952 2676 4003 11
2718 3952 2863 4001 uerbi
2902 3954 2945 4002 O
3088 3955 3153 4004 14
3188 3963 3268 4004 est

665 4090 758 4124 om.
798 4074 844 4123 R
971 4017 1348 4138 uqetliatiiipropter
1383 4074 1472 4122 Dd
1627 4072 1689 4124 16
1726 4071 1852 4137 una]
1884 4075 1931 4122 iu
1972 4073 2031 4133 Ο
2185 4073 2245 4122 17
2278 4072 2591 4136 eademquae
2627 4075 2707 4124 Rr
2871 4074 3264 4156 significandum

667 4143 872 4194 RMOD
909 4144 1299 4223 significandam
1327 4143 1377 4191 L
1516 4142 1707 4194 liabent
1736 4143 1985 4194 MODNS
2140 4144 2213 4195 18
2240 4144 2410 4192 omnia
2436 4142 2659 4208 nomina]
2686 4141 2798 4192 OSr
2827 4146 3030 4194 nomina
3052 4146 3097 4194 Ji
3106 4146 3267 4194 mm

667 4215 839 4263 omnia
875 4213 922 4261 L
957 4206 1285 4278 δυναμένων
1321 4209 1432 4261 τῶν
1470 4201 1764 4278 ὀνομάτων
1799 4205 2351 4280 παραλαμβάνεσθαι
2388 4213 2624 4295 Aponon.
2662 4215 2696 4262 Ι,
2736 4217 2769 4262 I.
2806 4230 2862 4277 p.
2901 4215 3017 4275 ll—l,
3058 4215 3122 4264 13

669 4283 734 4338 10
770 4292 980 4349 possent
1008 4300 1078 4333 σα·
1101 4289 1317 4348 possunt
1342 4297 1478 4336 corr.
1505 4284 1552 4331 D
1704 4285 1932 4334 secunda
1964 4299 2183 4348 persona
2211 4284 2429 4331 inueniri
2455 4285 2659 4333 nomina
2685 4298 2935 4348 personae
2966 4285 3007 4334 Ο
3152 4301 3262 4350 per-

666 4368 794 4401 sona
834 4356 1042 4403 uomina
1076 4353 1117 4401 S
1255 4353 1323 4403 20
1361 4354 1425 4403 ad
1461 4369 1552 4402 om.
1586 4353 1627 4403 Ο
1767 4354 1971 4418 dicere]
2010 4371 2040 4402 r
2075 4354 2244 4403 cidere
2282 4353 2329 4402 H
2482 4354 2563 4403 21
2583 4355 2721 4417 quod
2757 4370 2850 4402 om.
2892 4352 2935 4405 0
3083 4344 3263 4402 'nomi

668 4437 787 4472 num
827 4413 954 4473 'loeo
988 4425 1034 4474 R
1072 4423 1183 4472 loco
1221 4424 1481 4474 nominum
1513 4422 1562 4470 Ν
1731 4433 1847 4473 nata
1883 4441 1953 4474 ea:
1991 4424 2123 4473 nat&
2158 4439 2294 4474 corr.
2335 4421 2384 4469 D
2547 4425 2820 4472 accedente
2861 4425 2909 4472 L
3071 4425 3138 4474 22
3176 4426 3265 4474 de-

667 4495 1055 4543 monstrationes
1092 4493 1134 4542 0
1273 4492 1556 4558 plerunque
1590 4493 1636 4541 L
1776 4493 1843 4543 23
1880 4491 2245 4558 praecipuum]
2289 4507 2359 4541 ex
2393 4506 2531 4544 corr.
2564 4509 2596 4540 1·
2632 4495 2790 4558 ptium
2825 4495 2878 4543 m‘
2899 4494 2947 4557 s.
2988 4495 3033 4544 R
3178 4511 3262 4544 ac-

667 4595 856 4645 cedeus
886 4599 933 4647 L
1076 4597 1524 4647 demostrationem
1560 4597 1606 4645 L
1762 4599 1830 4647 24
1871 4573 2083 4646 profecta
2123 4597 2173 4645 Ν
2205 4595 2434 4660 profecto
2473 4595 2672 4658 MDSr,
2711 4604 2767 4646 al
2800 4614 2846 4647 v.
2892 4580 3197 4662 Apollonsl.
3223 4602 3261 4648 I.

665 4681 723 4728 p.
763 4665 877 4724 114,
910 4668 977 4715 22
1013 4683 1122 4732 sqq.
1302 4668 1710 4732 coniugationem
1745 4665 1837 4714 SL
1889 4667 1969 4716 uel
2009 4666 2410 4717 coniunctionem
2451 4667 2573 4716 add.
2610 4682 2637 4715 s
2813 4682 3063 4731 personae
3097 4685 3188 4719 om.
3223 4669 3266 4716 S

806 4736 873 4784 25
912 4737 1045 4798 quod
1085 4736 1238 4787 babet
1277 4737 1339 4786 M
1478 4738 1661 4787 habeat
1698 4737 1744 4786 D
1889 4739 2108 4800 cogitata
2147 4736 2188 4785 O
2327 4735 2395 4786 ‘26
2431 4736 2522 4785 sed
2559 4751 2652 4789 om.
2689 4735 2730 4785 Ο
2871 4754 3056 4803 expers
3094 4737 3263 4803 est]r

677 4818 887 4866 expsem
925 4806 970 4854 R
1122 4808 1185 4854 27
1226 4816 1475 4869 utrunque
1515 4809 1561 4856 L
1732 4805 1891 4869 Very.
1931 4808 2061 4855 Aen.
2104 4806 2164 4854 Vl
2202 4805 2304 4857 790
2340 4822 2419 4872 sq.
2587 4805 2654 4855 28
2693 4805 2777 4854 hic
2792 4806 3038 4874 Caesar]
3079 4825 3120 4857 π
3156 4824 3261 4857 cum

685 4875 912 4937 Vergilio
947 4883 996 4923 et
1029 4875 1175 4923 libris
1211 4877 1464 4926 Prisciani
1493 4876 1631 4937 infru
1669 4879 1700 4937 S
1739 4876 1807 4923 79
1845 4875 2033 4926 Caesar
2070 4876 2152 4926 liic
2186 4892 2225 4942 μ.
2262 4877 2346 4926 hic
2381 4883 2629 4942 augustus
2664 4876 2772 4941 (sic
2807 4893 2864 4938 r,
2904 4877 2989 4928 hic
3027 4881 3261 4945 augustis

674 4945 748 5008 R)
785 4944 905 4995 libri
1044 4942 1230 5009 omnis]
1270 4960 1300 4992 r·
1331 4948 1467 4996 omni
1502 4947 1550 4997 13
1691 4944 1804 4994 iulii
1840 4947 1892 4995 N
2750 4973 2753 4976 >
