3576 5595
658 386 783 447 498
1771 384 2139 445 muscum

761 514 808 554 p.
838 501 1040 540 iam-cs
1070 501 1111 541 r.
2821 511 2864 550 ρ.
2893 496 2984 538 aaa.
3015 498 3065 539 ³7
3097 498 3151 538 κ.

658 582 718 633 et
760 572 835 632 ab
878 572 986 631 hac
1028 581 1086 631 et
1128 571 1201 630 ab
1250 571 1364 630 hoc
1408 570 1719 642 Laurenti,
1767 589 1875 648 pro
1924 567 2274 630 Laurentina
2320 569 2549 648 posuit;
2592 569 2746 629 unde
2790 570 3140 629 Lucanus

1908 670 2569 747 Laurentinosque
2618 679 2943 749 penates,

661 775 1017 836 Laurentum
1061 783 1254 834 autem
1302 773 1664 833 nominatum
1707 783 1800 833 cst
1844 793 1875 832 a
1912 772 2076 832 lauro
2128 772 2357 832 inventa
2401 771 2461 831 in
2508 791 2644 832 arce
2688 780 2838 832 teste
2883 773 3015 852 ipso
3056 781 3247 851 poeta.

659 877 1087 956 compo'lsitum
1130 875 1204 935 ab
1235 895 1306 936 eo
1345 874 1499 951 quod
1548 885 1636 933 est
1679 873 1881 934 laurus
1921 873 2204 951 lauriger,
2236 874 2392 934 unde
2423 874 2888 951 ‘laurigeros
2932 878 3247 934 currus’.

658 998 691 1038 a
721 979 887 1038 lauro
921 977 1092 1036 etiam
1130 976 1425 1037 laureatus
1462 975 1715 1035 laureata
1749 976 2115 1036 laureatum:
2163 974 2427 1035 Cicero
2474 976 2761 1036 ‘fasces
2805 974 3247 1047 laureatos’,
3280 995 3305 1028 5

660 1081 773 1139 boc
819 1088 910 1138 est
950 1076 1226 1139 victoriae
1265 1076 1494 1138 laurum
1535 1077 1837 1137 babentes,
1930 1097 1998 1136 ex
2038 1096 2108 1136 eo
2153 1076 2455 1155 proprium
2501 1076 2851 1137 Laurentius
2895 1085 2954 1136 et
2992 1077 3253 1138 Lauren-

663 1181 778 1251 tia,
840 1179 1424 1257 comprehensivum,
1481 1179 1638 1256 quod
1701 1178 1907 1238 Graeci
1968 1171 2344 1251 περιεκτικόν
2400 1186 2639 1250 vocant,
2699 1177 3020 1252 lauretum,
3078 1180 3251 1239 veluti

528 1290 626 1342 163
660 1288 978 1343 murtctum
1019 1292 1297 1341 rosetum.
1389 1280 1492 1340 Dic
1529 1279 1943 1358 possessivum.
2000 1280 2294 1351 LaureuS,
2341 1279 2636 1356 quomodo
2681 1289 2938 1359 myrteus
2978 1299 3249 1340 corneus.

661 1384 767 1443 Dic
812 1382 967 1443 aliud
1009 1380 1403 1442 derivativum.
1495 1381 1847 1441 Laurentius
1894 1383 2196 1460 proprium
2243 1388 2302 1440 et
2344 1382 2676 1441 Laurentia.
2765 1381 2994 1441 Laurus
3039 1390 3253 1459 quotae

661 1493 750 1545 est
795 1482 1242 1544 declinationis?
1311 1480 1607 1542 Invenitur
1651 1494 1709 1540 et
1754 1483 2049 1542 secundae
2090 1491 2147 1541 et
2192 1492 2435 1559 quartae
2479 1484 2919 1544 declinationis:
2967 1491 3058 1542 est
3096 1483 3251 1543 enim
3277 1499 3328 1539 ιο

661 1595 990 1667 exceptum.
1080 1585 1274 1645 omnia
1322 1585 1477 1644 enim
1516 1583 1791 1644 arborum
1834 1584 2071 1644 nomina
2112 1584 2169 1643 in
2203 1603 2275 1643 us
2320 1584 2647 1644 desinentia
2693 1594 2750 1643 et
2793 1584 3070 1644 feminina
3116 1592 3254 1643 sunt

662 1698 719 1749 et
749 1687 1042 1750 secundae
1084 1686 1522 1758 declinationis,
1564 1693 1629 1746 ut
1660 1704 1973 1764 cypressus
2012 1685 2270 1764 cypressi
2294 1731 2310 1757 ,
2355 1697 2580 1764 myrtus
2615 1686 2816 1764 myrti,
2866 1685 3058 1746 ulmus
3091 1684 3252 1756 ulmi,

661 1808 843 1850 ornus
888 1788 1049 1854 orni,
1097 1789 1259 1867 pirus
1292 1786 1433 1868 piri,
1481 1787 1736 1865 exceptis
1779 1786 2070 1864 quinque,
2118 1805 2268 1864 quae
2302 1795 2417 1846 tam
2459 1788 2755 1848 secundae
2793 1806 2966 1865 quam
3011 1795 3255 1865 quartae

661 1891 1066 1962 inveniuntur,
1122 1907 1374 1966 quercus
1419 1889 1616 1950 laurus
1660 1889 1835 1968 pinus
1887 1907 2105 1948 cornus
2163 1891 2327 1949 licus.
2417 1888 2614 1948 laurea
2662 1906 2896 1967 quoque
2940 1907 3046 1968 pro
3088 1887 3255 1949 lauro

662 1993 964 2072 accipitur.
3275 2003 3328 2043 ¹⁵

530 2099 628 2150 104
832 2094 1126 2153 Turnus
1170 2111 1318 2170 quae
1366 2111 1501 2170 pars
1548 2092 1828 2152 orationis
1876 2090 2007 2151 est?
2060 2091 2306 2152 Nomen.
2387 2090 2615 2163 Quale?
2672 2092 2998 2171 Proprium.
3072 2091 3254 2152 Cuius

664 2193 923 2274 speciei?
969 2194 1282 2266 Vnivocae:
1333 2201 1526 2272 potest
1564 2193 1717 2252 enim
1766 2193 1941 2252 etiam
1977 2193 2388 2272 appellativum
2435 2192 2721 2270 intellegi,
2762 2191 2771 2271 Ι
2811 2193 2991 2273 piscis
3037 2212 3253 2252 nomen

664 2296 927 2357 fluvialis.
1007 2295 1121 2354 Fac
1171 2293 1244 2353 ab
1296 2313 1367 2352 eo
1420 2295 1839 2373 possessivum.
1920 2294 2175 2354 Turnius
2229 2293 2444 2354 Turnia
2505 2292 2816 2367 Turnium,
2875 2293 3029 2354 sicut
3071 2313 3105 2354 a
3149 2295 3256 2353 Sa-

667 2407 838 2456 turno
887 2394 1197 2455 Saturnius
1236 2394 1507 2455 Saturnia
1553 2395 1911 2456 Saturnium.
2003 2376 2467 2474 patronymicum
2515 2404 2709 2474 potest
2754 2395 3076 2456 secundum
3115 2414 3256 2455 ana-

666 2497 876 2573 logiam
906 2494 1020 2554 dici
1056 2496 1377 2570 Turnides;
1422 2496 1526 2556 sed
1573 2516 1704 2556 raro
1735 2497 1794 2555 in
1822 2497 2045 2556 Latinis
2090 2497 2425 2557 nominibus
2464 2496 2657 2557 solent
2700 2496 2984 2558 eiusmodi
3031 2500 3327 2557 sormaezo

669 2597 1099 2676 patronymicae
1155 2599 1316 2672 fieri,
1371 2599 1636 2676 quamvis
1686 2607 1858 2677 poeta
1906 2598 2207 2676 Scipiadas
2249 2599 2577 2674 figuraverit
2619 2618 2651 2657 a
2698 2598 2971 2677 Scipione
3018 2598 3150 2678 [sed
3197 2608 3257 2657 et

666 2698 857 2778 ipsum
895 2688 1014 2757 ἀπὸ
1046 2700 1150 2758 τοῦ
1182 2696 1574 2780 Σκιπίωνος],
1621 2700 1775 2776 quod
1818 2700 2105 2776 Graecum
2146 2719 2278 2758 esse
2315 2700 2558 2760 ridetur.

540 2808 638 2859 165
834 2801 931 2862 Ab
977 2820 1127 2880 quae
1165 2821 1304 2881 pars
1350 2802 1630 2863 orationis
1675 2800 1805 2861 est?
1860 2802 2240 2880 praepositio.
2331 2802 2438 2861 Cui
2482 2802 2641 2862 casui
2689 2802 2911 2863 servit?
2974 2802 3252 2863 Ablativo.

669 2904 824 2975 Quid
872 2903 1115 2964 interest
1157 2903 1310 2963 inter
1353 2903 1424 2962 ab
1469 2913 1528 2964 et
1568 2923 1600 2962 a
1648 2912 1706 2963 et
1750 2901 1899 2962 abs?
1970 2904 2135 2972 Quod
2181 2913 2543 2962 consonante
2588 2914 2871 2981 sequente
2914 2924 2944 2964 a
2994 2903 3257 2965 scriben-

666 3008 803 3067 dum
850 3006 1194 3085 plerumque
1251 3014 1371 3077 est,
1418 3005 1600 3066 vocali
1648 3005 1795 3064 vero*
1821 3004 2158 3065 omnimodo
2201 3002 2293 3062 ab.
2382 3004 2673 3065 invenitur
2712 3005 2785 3064 ab
2825 3007 2997 3066 etiam
3042 3023 3329 3066 conso-²⁵

667 3109 940 3168 nantibus
997 3108 1409 3183 sequentibuS,
1468 3107 1569 3168 sed
1622 3125 1771 3185 quae
1819 3125 1935 3166 non
1982 3124 2190 3185 aspere
2234 3115 2371 3183 post
2412 3104 2449 3164 b
2495 3117 2767 3179 sonant.¹
2817 3126 2849 3166 a
2897 3126 3032 3167 vero
3072 3106 3255 3167 vocali

667 3217 981 3287 sequente,
1037 3208 1148 3268 nisi
1203 3209 1334 3269 loco
1391 3209 1468 3268 sit
1523 3207 1935 3280 consonantis,
1983 3207 2041 3265 id
2087 3217 2177 3267 est
2238 3207 2253 3265 i
2313 3206 2398 3266 vel
2456 3226 2528 3278 u,
2587 3225 2902 3284 numquam
2947 3209 3253 3281 invenitur,

668 3324 734 3371 ut
787 3332 818 3371 3
868 3310 1025 3383 love,
1086 3330 1117 3370 a
1166 3311 1403 3370 Venere.
1494 3310 1600 3370 abs
1652 3318 1847 3371 autem
1904 3326 1939 3386 q
2003 3308 2088 3368 vel
2139 3317 2160 3368 t
2207 3308 2291 3368 vel
2340 3328 2371 3366 c
2417 3308 2799 3387 sequentibus
2844 3310 3046 3389 paucis
3091 3318 3255 3369 ante-

671 3414 908 3491 ponitur
962 3421 1075 3471 tam
1131 3412 1188 3471 iu
1245 3410 1614 3489 appositione
1656 3428 1833 3488 quani
1878 3410 1937 3470 in
1984 3411 2439 3488 compositione,
2488 3410 2544 3469 in
2591 3412 2990 3490 appositione,
3043 3421 3105 3471 ut
3149 3412 3255 3471 abs

671 3524 727 3574 te
763 3534 869 3595 pro
902 3534 934 3574 a
980 3523 1056 3584 te,
1105 3512 1160 3571 in
1209 3512 1655 3591 compositione,
1703 3521 1766 3571 ut
1813 3511 2055 3586 abstuli,
2099 3512 2416 3585 abscondo,
2468 3512 2713 3590 ‘absque
2758 3513 2877 3573 ullo
2921 3514 3099 3574 malo'
3147 3530 3331 3591 proso

672 3617 827 3677 ‘sine
873 3616 992 3675 ullo
1030 3615 1230 3675 malo'.
2184 3692 2187 3693 γ

545 3732 640 3782 166
846 3719 1024 3777 Arce
1070 3733 1217 3793 quae
1261 3734 1398 3793 pars
1437 3713 1717 3774 orationis
1764 3712 1899 3774 est?
1942 3715 2185 3774 Nomvn.
2265 3713 2492 3784 Quale?
2572 3716 3014 3795 Appellatirum.
3078 3702 3303 3777 Cuius·

673 3816 935 3898 speciei?
992 3814 1393 3876 'Derivativae.
1479 3817 1639 3877 Vnde
1684 3815 2019 3877 derivatur?
2101 3817 2186 3877 Ab
2242 3836 2417 3876 arceo
2468 3818 2641 3878 verbo
2673 3814 2698 3899 ΙΙ
2730 3836 2859 3889 arx,
2908 3836 3057 3895 quac
3100 3826 3261 3877 arcet

673 3920 842 3980 facile
890 3918 1252 3978 munimento
1299 3937 1405 3977 suo
1452 3917 1671 3977 hostes.
1762 3918 1897 3977 inde
1946 3918 2116 3977 etiam
2164 3918 2527 3978 summitates
2570 3920 2884 3992 montium,
2932 3938 3003 3978 ex
3046 3918 3259 3997 quibus

671 4021 842 4082 facile
886 4029 1134 4099 possunt
1175 4018 1398 4098 depelli
1432 4019 1664 4092 hosteS,
1719 4037 1888 4079 arces
1933 4019 2235 4091 dicuntur,
2283 4028 2340 4078 et
2385 4039 2587 4089 arcuS,
2646 4020 2800 4097 quod
2845 4020 3019 4098 longe
3059 4028 3332 4080 arceatas

674 4122 942 4185 similiter
979 4121 1199 4181 1105105.
1290 4119 1529 4180 Declina
1576 4119 1835 4179 verbum.
1910 4122 2096 4180 Arceo
2140 4139 2309 4181 arces
2346 4128 2522 4181 arcet.
2615 4121 2794 4182 Cuius
2835 4130 2924 4182 est
2967 4121 3261 4199 signitica-

820 4377 842 4427 l
883 4372 1135 4441 Lucanus]
1181 4374 1422 4423 pharsal.
1461 4376 1549 4423 Vll
1592 4375 1694 4426 394
1865 4377 1897 4427 3
1937 4377 2247 4425 nominatum
2274 4390 2308 4430 ς
2351 4375 2693 4423 nominatiuus
2732 4376 2817 4425 CG
2859 4375 3015 4424 uomit
3048 4373 3090 4423 S

671 4453 706 4500 4
743 4445 1046 4511 laurigeros]
1093 4448 1288 4495 Lucan.
1322 4445 1562 4494 Plearsal.
1604 4446 1645 4493 V
1683 4445 1785 4495 332
1926 4446 1960 4495 5
2000 4445 2191 4507 Cicero]
2230 4446 2294 4493 de
2329 4447 2479 4493 divin.
2515 4446 2531 4492 l
2575 4443 2661 4503 28,
2702 4447 2771 4495 59
2811 4445 2867 4494 C.
2898 4444 3107 4493 Marium
3142 4460 3257 4494 cnm

675 4518 901 4567 fascibus
938 4516 1174 4564 laureatis
1211 4530 1451 4576 quaerere
1486 4530 1549 4562 ex
1584 4524 1631 4563 te
1780 4514 1815 4563 6
1846 4531 1909 4563 cx
1940 4530 1999 4563 co
2039 4516 2081 4563 G
2112 4530 2175 4562 ex
2219 4529 2279 4561 ea
2307 4514 2385 4563 CS
2558 4517 2583 4561 7
2615 4515 2861 4563 lauretum
2896 4514 3050 4562 ueluti
3087 4514 3260 4563 mirte-

674 4600 780 4637 tum
810 4585 895 4635 GS
929 4586 1211 4633 laurentum
1250 4584 1404 4633 ueluti
1445 4594 1712 4633 murtetum
1750 4585 1792 4633 C
1929 4584 1963 4633 8
1999 4585 2079 4632 die
2104 4586 2453 4647 possessiuum
2482 4584 2526 4633 G
2563 4582 2645 4631 dic
2682 4583 3007 4632 diriuatiuum
3045 4583 3124 4632 CS

675 4658 885 4704 mirteus
925 4655 967 4703 G
1109 4654 1174 4701 12
1210 4668 1486 4717 cupressus
1521 4655 1750 4717 cupressi
1783 4653 1826 4702 S
1964 4655 2141 4701 mirtus
2178 4652 2311 4700 mirti
2342 4654 2385 4702 G
2532 4652 2590 4701 17
2625 4653 2780 4717 piscis
2820 4667 3001 4701 nomen
3041 4652 3260 4702 fluuialis

676 4724 717 4771 S
761 4724 916 4786 piscis
955 4737 1137 4771 nomeu
1175 4723 1361 4771 fluuius
1399 4724 1440 4772 C
1488 4723 1645 4787 piscis
1685 4737 1867 4782 nomen
1905 4732 1953 4771 et
1997 4721 2184 4769 fluuius
2221 4722 2263 4770 G
2309 4722 2467 4786 piscis
2505 4721 2745 4786 palustris
2780 4731 2828 4770 et
2866 4721 3053 4771 fluuius
3090 4735 3124 4777 ς

676 4791 738 4838 21
781 4789 950 4855 poeta]
995 4794 1152 4853 Vera.
1185 4806 1362 4856 aem-q.
1406 4793 1446 4841 u
1483 4792 1601 4842 170.
1625 4794 1771 4842 Aen.
1806 4793 1871 4840 vl
1906 4792 2008 4841 844
2172 4793 2239 4842 25
2274 4790 2363 4839 sed
2403 4791 2662 4839 inuenitur
2697 4790 2776 4841 CS
2944 4790 3013 4840 30
3054 4800 3109 4839 ut
3141 4800 3261 4841 ante

677 4858 864 4905 abstuli
899 4875 992 4911 om.
1034 4858 1164 4911 CGS
