3576 5595
1435 379 1663 444 LIBER
1706 379 1858 444 XVll
1910 389 2207 446 181-189
2973 378 3092 444 201

608 509 652 551 μ.
683 496 798 541 1109.
827 496 924 539 1110
961 495 1010 538 P.
2694 510 2739 550 p.
2767 497 2830 542 os.
2858 498 2910 540 09
2937 498 2995 541 x.

504 572 647 647 buS,
695 589 955 649 congrue
997 559 1382 650 disponendo.
1472 589 1591 631 non
1631 569 1839 647 igitur,
1879 569 1929 630 si
1975 569 2115 647 quid
2152 567 2340 630 simile
2380 576 2471 631 est
2506 588 2681 644 voce,
2727 570 2841 632 hoc
2871 571 3092 634 eisdem
3133 577 3233 631 186

509 696 757 740 necesse
801 684 887 738 est
936 674 1096 738 omni
1137 674 1312 735 modo
1367 671 1768 735 accidentibus
1815 671 2122 751 coniungi,
2183 673 2285 732 sed
2332 672 2403 732 ad
2468 672 2826 735 intellectum
2872 675 3096 751 referri,

506 788 712 861 utputa
758 778 951 840 omnis
994 777 1221 840 dativus
1261 783 1318 837 et
1357 775 1640 838 ablativus
1685 774 1929 856 pluralis
1973 774 2275 835 mobilium
2323 775 2624 836 nominum
2669 775 2760 836 vel
2801 777 3100 856 pronomi-

513 903 653 944 num
696 882 786 943 vel
829 880 1270 962 participiorum
1315 877 1521 941 similis
1567 885 1657 939 est
1702 896 1810 958 per
1845 877 1955 938 tria
2002 896 2246 955 genera,
2292 885 2358 939 ut
2397 877 2623 952 ‘bonis,
2664 877 2814 953 iltis,
2861 898 3102 941 accusa-

363 1004 386 1025 ·
457 994 482 1033 ⁵
510 986 631 1047 tis’.
721 992 780 1045 et
822 991 1015 1044 tamen
1062 982 1195 1044 cum
1235 981 1308 1042 de
1342 981 1602 1042 maribus
1645 980 1973 1059 loquimur,
2018 978 2360 1040 masculinis
2391 998 2459 1040 ea
2492 962 2920 1059 coniungimus,
2968 1000 3120 1045 cum.

509 1088 582 1148 de
637 1085 929 1148 contrario
982 1103 1155 1159 sexu,
1210 1083 1535 1158 semininiS,
1605 1103 1740 1145 cum
1796 1090 1958 1143 extra
2017 1083 2321 1160 utriusque
2371 1082 2887 1161 significationem,
2955 1103 3100 1145 neu-

508 1190 647 1265 tris,
712 1198 775 1250 ut
829 1187 1037 1249 ‘bonis
1080 1186 1218 1247 viris
1278 1186 1522 1265 loquor’
1578 1194 1637 1247 et
1690 1184 1903 1246 ‘bonis
1950 1183 2329 1246 mulieribus’
2389 1193 2448 1245 et
2492 1184 2699 1245 ‘bonis
2745 1183 3098 1265 mancipiis',

511 1301 569 1353 et
617 1290 932 1352 ‘accusatis
971 1289 1137 1363 viris,
1184 1288 1474 1349 accusatis
1517 1287 1894 1361 mulierihuS,
1940 1287 2232 1349 accusatis
2273 1286 2623 1366 mancipiis'.
2716 1287 2803 1348 sic
2842 1295 2899 1348 et
2940 1288 3102 1349 simi-

508 1394 618 1469 lia,
665 1412 815 1472 quae
854 1390 1257 1457 confusionem
1287 1390 1730 1470 significationis
1775 1409 1884 1471 per
1921 1388 2305 1450 ordinationis
2349 1388 2682 1450 iuncturam
2727 1396 2787 1450 et
2831 1389 3103 1451 acciden-

439 1506 486 1547 10
512 1497 654 1558 tium
695 1494 1033 1557 discutiunt.
1755 1484 1771 1512 ¹

681 1597 890 1658 Omnis
935 1596 1089 1656 enim
1145 1595 1537 1670 constructiO,
1596 1612 1772 1673 quam
1819 1592 2024 1655 Graeci
2080 1582 2359 1665 σύνταξιν
2415 1599 2657 1668 vocant,
2711 1593 2781 1654 ad
2831 1592 3098 1655 intellec·
3138 1600 3236 1650 187

511 1696 637 1761 tuin
667 1699 826 1760 vocis
871 1706 964 1759 est
991 1694 1018 1780 ΙΙ
1049 1696 1366 1758 reddenda.
1454 1697 1651 1775 itaque
1688 1715 1798 1778 per
1840 1697 2100 1758 diversas
2146 1697 2362 1773 figuras
2402 1695 2626 1756 variare
2669 1694 2862 1756 solent
2901 1704 3103 1757 aucto-

512 1820 609 1863 res
670 1802 732 1871 in
788 1799 1225 1862 constructione
1280 1797 1632 1873 accidentia,
1701 1798 1774 1859 de
1834 1798 2046 1876 quibus
2111 1797 2225 1858 iam
2280 1816 2462 1878 supra
2519 1797 2859 1872 docuimus,
2930 1816 3100 1876 quae,

514 1903 776 1982 quamvis
833 1910 1114 1979 quantum
1173 1900 1245 1961 ad
1300 1900 1461 1979 ipsas
1516 1893 1805 1962 dictiones
1874 1900 2197 1979 incongrue
2252 1898 2535 1980 disposita
2592 1918 2725 1961 esse
2780 1899 3102 1975 videantur,

441 2014 487 2054 ¹5
516 2013 710 2065 tamen
765 2002 992 2064 ratione
1052 2020 1266 2064 sensus
1321 2002 1648 2082 rectissime
1697 2002 1965 2063 ordinata
2024 2021 2156 2063 esse
2213 2002 2579 2076 iudicantur,
2651 2009 2863 2081 utputa
2914 2002 3103 2083 prima

516 2124 767 2186 persona
813 2112 874 2166 et
911 2103 1075 2165 tertia
1120 2103 1176 2164 in
1221 2123 1398 2165 unam
1439 2107 1685 2183 figurate
1728 2111 1977 2178 coeunt,
2024 2111 2090 2165 ut
2122 2103 2527 2183 Virgilius:

817 2206 962 2269 Ille
1008 2224 1178 2285 ego,
1221 2205 1345 2284 qui
1394 2206 1757 2285 quondam
1803 2205 2080 2285 gracili
2123 2205 2558 2268 modulatus
2601 2224 2828 2267 avena

822 2308 1161 2382 Carmen,

517 2417 608 2472 est
664 2409 820 2471 enim
871 2409 1203 2471 intellectus
1261 2414 1406 2489 ‘ego
1452 2408 1724 2488 Virgilius
1779 2409 1906 2486 ille,
1958 2410 2057 2488 qui
2116 2409 2412 2489 quondam
2466 2409 2677 2491 scripsi
2732 2409 3002 2472 bucolica
3047 2418 3107 2471 et

439 2524 492 2565 20
517 2512 831 2592 georgica’.
920 2512 1132 2573 diversi
1179 2530 1411 2591 quoque
1457 2511 1682 2573 numeri
1723 2513 1838 2573 hoc
1868 2511 2043 2573 modo
2072 2512 2305 2592 figurati
2350 2513 2757 2592 reperiuntur,
2796 2520 2860 2573 ut
2899 2509 2910 2596 Ι
2944 2512 3103 2573 Vir-
3140 2521 3240 2573 188

514 2614 747 2693 gilius
788 2613 849 2674 in
886 2614 913 2674 1
945 2614 1343 2676 Aeneidis:

820 2714 999 2778 Pars
1045 2716 1117 2777 in
1161 2718 1413 2779 frusta
1448 2724 1721 2777 secant
1763 2715 2224 2795 veribusque
2265 2716 2671 2777 trementia
2715 2716 2965 2794 figunt

514 2818 739 2900 plurale
795 2818 1075 2896 singulari
1124 2839 1246 2882 non
1294 2820 1367 2882 ad
1424 2820 1772 2895 dictionem,
1848 2819 1954 2880 sed
2013 2818 2086 2882 ad
2142 2837 2384 2881 sensum
2441 2819 2670 2894 retulit,
2737 2817 2872 2897 quia
2929 2838 3106 2899 pars

513 2921 901 2981 Troianorum
945 2920 1113 2981 multi
1156 2922 1603 3000 intelleguntur3
1652 2930 1712 2982 et
1755 2942 1864 3002 per
1907 2921 2133 2982 diversa
2178 2940 2428 3000 genera:

438 3033 491 3074 25
824 3022 1091 3093 Qualis
1137 3042 1365 3098 eram,
1415 3042 1574 3085 cum
1623 3024 1932 3103 primam
1980 3024 2214 3085 aciem
2250 3024 2676 3084 Praeneste
2729 3022 2869 3085 suh
2907 3023 3106 3105 ipsa,

516 3123 895 3202 Virgilius
953 3123 1013 3185 in
1056 3125 1241 3186 Vlll.
1342 3126 1604 3203 quamvis
1663 3126 1818 3186 enim
1863 3124 2289 3187 Praeneste
2345 3132 2619 3186 neutrum
2660 3125 2765 3198 sit,
2824 3124 2930 3186 scd
2973 3125 3107 3203 quia

515 3226 731 3287 ‘urbs'
780 3225 1165 3304 intellegitur,
1223 3227 1295 3287 ad
1333 3227 1394 3288 id
1437 3228 1592 3306 quod
1627 3227 1989 3306 intellegitur
2038 3245 2209 3306 quam
2251 3227 2324 3287 ad
2377 3246 2577 3287 vocem
2624 3226 2878 3308 nominis
2916 3227 3109 3288 reddi-

517 3328 602 3390 dit
661 3328 863 3389 dicens
920 3327 1054 3389 sub
1117 3330 1301 3409 ipsa.
1419 3329 1687 3392 similiter
1736 3349 1846 3411 per
1895 3329 2090 3392 omnia
2136 3329 2459 3390 accidentia
2518 3327 2777 3389 omnium
2848 3330 3101 3409 partium
3149 3338 3242 3390 189

658 3515 683 3565 l
724 3514 970 3581 congrue]
1008 3531 1040 3564 r
1075 3530 1328 3582 congruae
1367 3518 1418 3567 N
1450 3532 1662 3578 amgrne
1702 3517 1748 3567 R
1890 3517 1923 3566 2
1960 3516 2319 3566 accedentibus
2344 3517 2393 3566 L
2558 3516 2829 3579 coniuncgi
2866 3516 2914 3565 R
3076 3514 3110 3566 3

518 3592 695 3649 utpote
727 3586 821 3647 (D)
976 3585 1177 3650 homnis
1208 3588 1289 3638 Ην·
1453 3589 1486 3637 4
1517 3585 1724 3652 similis]
1757 3604 1787 3636 r
1819 3585 1982 3636 simile
2020 3586 2061 3636 R
2224 3585 2298 3650 ut]
2337 3601 2368 3634 r
2398 3584 2448 3634 ἃ
2485 3586 2530 3635 R
2692 3585 2974 3635 accussatis
3011 3584 3111 3635 RL

655 3654 688 3703 6
726 3650 879 3717 sexu]
916 3670 946 3703 r
981 3671 1072 3705 sex
1102 3657 1149 3707 R
1327 3657 1358 3707 7
1399 3665 1518 3719 pose
1566 3656 1715 3706 bonis
1750 3656 2048 3721 mancipiis:
2093 3656 2330 3707 similiter
2366 3655 2625 3718 (similiter
2659 3663 2707 3703 et
2743 3655 2801 3718 d)
2841 3653 2943 3704 illis
2979 3657 3110 3705 uiris

516 3732 565 3772 et
600 3724 700 3774 illis
738 3724 1042 3775 mulieribus
1083 3724 1162 3789 (et
1194 3725 1299 3774 illis
1334 3727 1632 3776 mulieribus
1667 3726 1746 3776 bis
1776 3727 1947 3789 posuit
1980 3725 2046 3780 S)
2096 3736 2144 3774 et
2180 3726 2284 3776 illis
2323 3726 2595 3790 mancipiis
2631 3726 2755 3777 add.
2799 3723 2974 3777 OSrd.
3019 3726 3116 3775 sed

515 3808 578 3847 m.
617 3809 719 3843 rec.
763 3794 864 3843 del.
906 3796 957 3844 in
986 3795 1037 3843 D
1179 3796 1213 3846 8
1250 3804 1299 3845 et
1333 3798 1584 3846 accusatis
1622 3797 1747 3845 uiris
1782 3823 1853 3832 —
1883 3797 2155 3861 mancipiis
2189 3812 2282 3846 om.
2317 3796 2357 3846 Ο
2515 3796 2770 3846 accusatis
2802 3794 2907 3858 (sic
2942 3794 2987 3845 R
3024 3810 3116 3844 ac-·

523 3864 742 3913 cussatis
778 3863 850 3926 L)
888 3865 1017 3916 uiris
1048 3867 1329 3915 accussatis
1366 3866 1667 3916 mulieribus
1704 3866 1983 3915 accussatis
2017 3866 2288 3930 mancipiis
2324 3865 2421 3915 RL
2594 3865 2628 3916 9
2672 3863 3045 3929 confusionem]
3082 3880 3113 3912 r

519 3932 897 3983 confossionem
934 3935 980 3985 R
1014 3935 1395 3986 confussionem
1430 3937 1478 3984 L
1650 3933 2020 3999 ordinationis]
2057 3953 2090 3984 n
2127 3940 2176 3987 in
2211 3950 2304 3997 my.
2343 3934 2464 3984 add.
2501 3936 2551 3985 L
2588 3935 2785 3985 ordinis
2820 3937 2873 3985 N
3046 3934 3105 3986 ll

522 3996 814 4066 σύνταξιν]
853 4018 943 4057 om.
985 4007 1035 4054 D
1070 4004 1193 4053 add.
1231 4004 1269 4053 d
1312 4019 1574 4055 erm-ARN
1607 4006 1722 4056 RM
1755 4014 1805 4054 et
1841 4022 1912 4056 ex
1941 4021 2211 4057 nurui-n
2254 4020 2392 4056 corr.
2431 4004 2478 4053 L
2530 4019 2781 4054 cvnnznv
2818 4006 2867 4054 N
3048 4005 3110 4054 12

517 4073 742 4121 redenda
779 4073 828 4122 L
978 4073 1040 4124 13
1079 4074 1425 4123 accedentiaL
1570 4076 1629 4125 ll
1666 4084 1926 4135 quamtum
1964 4075 2010 4124 R
2172 4074 2447 4139 dispessita
2488 4074 2531 4123 R
2569 4074 2771 4138 dispota
2810 4075 2875 4123 M
3048 4073 3111 4124 16

516 4143 714 4205 tertiam
755 4142 834 4191 Ην·
971 4142 1152 4209 unum]
1190 4145 1252 4193 ds
1287 4159 1387 4193 una
1422 4142 1515 4192 DS
1662 4146 1823 4210 Ver-9.
1865 4145 1991 4193 Aen.
2028 4147 2080 4195 in
2117 4145 2263 4195 libris
2292 4145 2410 4193 dett.
2441 4145 2629 4192 initium
2662 4160 2708 4195 υ.
2736 4143 2821 4193 lib.
2854 4143 2950 4193 ΧΠ
2985 4145 3017 4205 S
3045 4142 3106 4194 11

662 4214 722 4264 17
766 4225 890 4277 ergo
929 4213 1009 4262 Ην
1148 4226 1282 4276 quon
1314 4214 1444 4262 clam
1483 4214 1528 4263 R
1684 4215 1747 4265 18
1785 4213 2037 4263 carnemR
2182 4212 2247 4264 19
2285 4215 2609 4276 quisupdin.
2635 4214 2757 4264 add.
2784 4229 2815 4262 r
2955 4212 3114 4262 buco-

518 4279 619 4330 lit-5
652 4283 703 4333 Ν
842 4279 911 4334 20
946 4283 1215 4347 greorgica
1248 4284 1326 4334 Ην
1361 4286 1606 4349 georgica
1639 4286 1690 4334 N
1838 4280 2055 4347 diversi]
2095 4284 2164 4332 νά
2192 4281 2405 4333 Diuersa
2442 4284 2486 4333 R
2524 4283 2753 4332 Diuersis
2788 4285 2837 4332 D
2983 4282 3111 4346 flgu-

519 4359 625 4399 rate
658 4353 738 4401 Ne·
878 4354 1232 4415 repperiuntur
1266 4353 1368 4403 DN
1518 4355 1650 4403 idern
1688 4353 1927 4420 uirgilins
1966 4353 2067 4416 (vel
2095 4354 2368 4416 nergilius)
2406 4351 2652 4402 MODNS
2679 4359 2728 4402 ee
2761 4353 2896 4402 idern
2932 4354 2982 4402 in
3012 4368 3108 4417 my.

517 4421 639 4474 add.
674 4421 723 4470 L
874 4421 1030 4487 Verq.
1071 4422 1201 4473 Aen.
1237 4423 1256 4471 l
1296 4423 1397 4474 212
1433 4424 1503 4487 cf.
1545 4427 1576 4486 §
1614 4423 1708 4471 156
1859 4424 1922 4473 21
1961 4424 2011 4471 in
2056 4424 2072 4472 1
2105 4438 2219 4484 sup.
2266 4426 2354 4476 lin.
2393 4423 2515 4472 add.
2556 4439 2586 4471 r
2737 4421 2980 4471 Aeneidis
3016 4436 3107 4471 om.

518 4489 567 4537 Ν
740 4491 807 4539 22
840 4488 1030 4554 frustra
1063 4493 1138 4541 Rr
1301 4490 1643 4558 veribusque]
1677 4509 1709 4540 r
1753 4493 1950 4542 uiribus
1985 4492 2033 4542 R
2072 4493 2413 4557 ueribnsqnae
2449 4491 2515 4540 M
2676 4490 2744 4540 23
2778 4490 3001 4556 plurales
3035 4492 3113 4542 nr

518 4558 744 4624 plurales
779 4558 827 4607 in
863 4558 906 4608 S
934 4561 1183 4624 pluralem
1206 4562 1320 4625 (M)
1360 4562 1555 4627 plurale
1594 4563 1808 4614 uerbum
1846 4562 1888 4612 0
2061 4562 2126 4611 ad
2157 4559 2464 4625 dictionem]
2505 4577 2537 4610 r·
2572 4561 2885 4611 additionem
2924 4560 2970 4610 R

519 4630 585 4678 24
623 4627 693 4694 et]
732 4630 770 4678 d
801 4631 853 4677 ut
885 4629 933 4677 D
1106 4633 1266 4699 Ver-9.
1308 4633 1436 4682 Aen.
1476 4633 1593 4682 vm
1632 4632 1727 4684 561
1769 4632 1840 4693 cs.
1882 4630 1965 4681 lib.
2005 4630 2098 4680 Vll
2136 4634 2169 4694 S
2198 4630 2268 4681 56
2411 4632 2481 4681 25
2519 4629 2699 4696 aciem]
2739 4646 2830 4683 om.
2872 4631 2920 4680 L
2954 4631 3107 4680 atiem

518 4749 567 4797 J)
704 4750 900 4813 §mesto
938 4750 986 4800 R
1123 4751 1192 4803 26
1227 4752 1474 4818 virgilius
1510 4751 1558 4800 tn
1594 4752 1710 4802 vm
1746 4765 1838 4801 om.
1880 4753 1928 4801 J,
2094 4751 2276 4801 .v1111.
2315 4752 2368 4800 N
2520 4725 2742 4813 quam¹¹'⁵
2778 4751 2827 4800 L
2991 4751 3111 4814 qnia

518 4815 662 4878 urbs]
690 4833 721 4865 r
756 4819 909 4867 aurbs
943 4821 991 4870 R
1130 4822 1198 4870 27
1227 4831 1348 4884 post
1384 4820 1693 4886 intellegitur
1728 4836 1865 4872 voce.
1905 4820 1969 4870 ad
2009 4820 2060 4870 id
2093 4822 2231 4883 quod
2268 4820 2579 4887 intellegitur
2610 4836 2704 4871 om.
2747 4819 2790 4869 0
2931 4816 3102 4884 quam]

517 4889 592 4934 sic
626 4888 674 4936 D
708 4901 752 4939 s.
793 4903 893 4937 non
923 4897 1024 4938 tam
1050 4905 1218 4953 spaer-
1240 4893 1280 4941 d
1410 4897 1528 4954 post
1551 4892 1798 4941 nominis:
1832 4905 1982 4954 quam
2009 4890 2074 4940 ad
2101 4905 2309 4941 sensum
2329 4891 2452 4946 add.
2473 4891 2511 4939 d
2657 4889 2726 4941 28
2748 4890 3042 4941 accedentia
3059 4889 3108 4938 L
