3576 5595
513 386 638 448 392
1406 433 1427 447 ,
1593 382 2040 443 ‚PRAEFATIO

513 570 812 633 omittere
855 576 968 629 aut
1008 564 1228 629 multis
1260 565 1590 632 erroribus
1635 588 2070 651 eorrumpere.
2149 566 2367 652 itaque
2396 588 2480 630 ex
2517 565 2597 629 iis
2631 564 2837 646 libris,
2881 564 3123 651 quibus

516 692 673 734 usus
722 690 896 751 sum,
943 689 1112 730 unus
1144 667 1204 730 V
1236 669 1454 732 omnia
1497 690 1666 754 quae
1701 668 1957 733 Graece
2002 669 2247 753 scripta
2289 677 2443 731 sunt
2484 668 2798 731 servavit.
2889 666 2970 729 ad
3014 688 3123 730 cu-

515 774 617 835 ius
664 770 856 833 fidem
900 770 1196 855 proxime
1238 769 1494 833 accedit
1537 771 1632 849 A,
1697 765 1770 854 in'
1815 792 1944 856 quo
1989 768 2294 833 breviora
2328 790 2458 832 non
2505 769 2645 832 sine
2683 767 2906 832 multis
2952 789 3124 832 erro—

517 873 699 936 ribus
746 870 1042 956 quidem,
1090 871 1208 934 sed
1245 872 1337 935 ita
1379 880 1598 935 tamen
1647 881 1718 935 ut
1759 870 1924 936 nihil
1969 872 2409 953 omitteretur,
2457 870 2786 957 descripta
2824 879 3007 952 sunt3
3054 870 3124 932 in

520 973 773 1038 duobus
819 971 1226 1056 longioribus
1272 972 1661 1058 fragmentis
1706 996 1767 1058 p.
1833 976 1987 1035 1317
2036 981 2102 1035 et
2152 975 2311 1036 1350
2369 974 2580 1058 prima
2638 970 2959 1035 vocabula
3013 994 3126 1058 po-

520 1079 679 1152 sita,
737 1074 991 1160 reliqua
1030 1074 1270 1137 omissa
1316 1083 1488 1137 sunt.
1577 1075 1643 1137 in
1692 1076 1783 1156 R,
1835 1075 1945 1159 qui
1991 1072 2199 1136 codex
2242 1072 2566 1137 Prisciani
2606 1073 2813 1137 verba
2859 1094 3124 1136 accura·
3224 1087 3227 1089 ’

422 1255 428 1262 .
520 1180 650 1242 tius
698 1197 891 1262 quam
936 1173 1171 1259 reliqui
1230 1173 1383 1237 libri
1437 1177 1799 1261 expressit,
1864 1197 1898 1238 e
1943 1175 2218 1240 Graecis
2281 1175 2622 1239 vocabulis
2682 1196 2932 1260 paucae
2988 1175 3124 1239 fere

522 1279 780 1343 litterae
822 1277 1040 1362 pictae
1087 1286 1271 1358 sunt,
1337 1276 1600 1341 defectu
1651 1279 1742 1340 ita
1797 1298 1994 1363 super
2040 1297 2300 1339 versum
2348 1276 2637 1340 indicato
2683 1276 2902 1339 ‘deest
2939 1297 3125 1360 grae-

524 1387 733 1447 cum’.
824 1378 1105 1464 denique
1140 1376 1302 1441 BPS
1339 1379 1556 1442 omnia
1601 1377 1740 1442 fere
1780 1398 1950 1465 quae
1984 1376 2236 1441 Graece
2278 1377 2522 1463 scripta
2567 1386 2755 1442 erant
2797 1378 3123 1442 omittunt.

694 1480 805 1545 Ex
858 1479 938 1542 iis
996 1478 1214 1560 libris,
1277 1501 1550 1565 quorum
1614 1480 1939 1564 integram
2004 1479 2365 1565 scripturae
2431 1478 2935 1563 discrepantiam
2993 1499 3127 1542 non

524 1583 758 1664 habui,
830 1582 1113 1644 maxime
1155 1569 1610 1645 memorabiles
1663 1590 1815 1645 sunt
1858 1582 2018 1659 duo,
2079 1582 2598 1646 Monacensis
2657 1583 2801 1645 280
2860 1589 2926 1643 et
2981 1579 3124 1644 Er·

524 1682 966 1767 langensis
1026 1685 1198 1746 301.
1289 1682 1370 1746 de
1418 1683 1799 1748 Monacensi
1845 1684 2102 1764 codice,
2172 1705 2364 1770 quem
2427 1682 2776 1768 descripsit
2816 1681 3126 1745 Hertzius

423 1819 433 1828 ·
524 1785 732 1872 praef.
773 1785 1092 1848 Priscian.
1142 1784 1172 1847 1
1223 1806 1283 1869 p.
1331 1784 1572 1866 XXII,
1639 1808 1783 1849 cum
1842 1784 2239 1850 Guilelmum
2296 1783 2656 1847 Christium
2705 1805 2821 1869 per
2874 1783 3125 1846 litteras

527 1888 1107 1970 interrogavissem
1166 1895 1232 1949 et
1275 1885 1359 1948 ab
1414 1908 1489 1949 eo
1539 1887 1921 1971 petivissem
1977 1896 2049 1949 ut
2106 1887 2410 1956 maxime,
2446 1887 2528 1948 de
2571 1885 2848 1973 Didymi
2905 1885 3125 1949 verbis

525 2012 589 2075 p.
645 1991 803 2052 1350
847 1988 1097 2070 citatis,
1170 2009 1336 2074 quae
1380 1988 1573 2050 unius
1620 1986 1675 2049 V
1723 1990 2116 2052 auctoritate
2160 1987 2569 2069 nitebantur,
2634 2009 2735 2050 me
2780 1988 3126 2050 certiorem

524 2089 801 2170 faceret,
857 2088 972 2152 illa
1017 2089 1281 2175 quidem
1329 2110 1449 2152 sua
1491 2076 1688 2153 manu
1729 2091 2157 2176 transscripta
2199 2089 2469 2153 comiter
2514 2089 2598 2152 ad
2639 2111 2741 2152 me
2790 2088 2998 2169 misit,
3059 2088 3128 2151 in

526 2190 794 2277 reliquis
848 2189 1009 2255 locis
1054 2213 1134 2254 ne
1175 2213 1259 2255 ex
1298 2190 1418 2255 hoc
1465 2190 1728 2277 quidem
1777 2191 2079 2273 meliora,
2145 2214 2338 2278 quam
2389 2213 2557 2278 quae
2616 2193 2683 2253 in
2737 2188 2888 2253 aliis
2941 2188 3128 2252 libris

525 2301 862 2374 extarent,
926 2294 1061 2378 peti
1117 2314 1307 2378 posse
1361 2301 1637 2364 testatus
1699 2303 1820 2356 est.
1911 2315 2041 2379 qua
2100 2316 2170 2358 re
2229 2295 2297 2357 in
2353 2293 2463 2357 illo
2522 2292 2662 2356 loco
2735 2313 2926 2377 quem
2984 2291 3127 2354 dixi

529 2394 892 2481 scripturae
939 2393 1443 2480 discrepantiam
1488 2392 1791 2479 adposui,
1859 2416 2251 2482 quamquam
2298 2403 2557 2480 praeter
2613 2415 2811 2457 unum
2871 2391 3129 2479 supple·

528 2503 849 2574 mentum,
897 2494 1069 2580 quod
1116 2493 1269 2558 olim
1298 2494 1468 2562 ,inde
1515 2495 1813 2558 ediderat
1859 2497 2253 2582 Spengelius
2299 2498 2366 2560 in
2413 2494 2601 2559 Varr.
2645 2495 2726 2559 de
2771 2495 2930 2579 ling.
2976 2493 3125 2557 Lat.

527 2620 590 2682 p.
647 2599 798 2676 171,
855 2594 1016 2658 nihil
1076 2596 1233 2659 novi
1287 2594 1524 2659 attulit.
1617 2595 2047 2680 Erlangensis
2102 2608 2320 2662 autem
2379 2597 2591 2661 codex
2635 2605 2900 2683 propter
2942 2597 3128 2660 Cice-

527 2696 707 2760 ronis
756 2695 837 2760 de
881 2698 1137 2762 oratore
1178 2695 1383 2761 libros
1421 2698 1487 2760 in
1530 2698 1758 2785 primis
1808 2698 2139 2780 laudatus,
2188 2721 2380 2785 quem
2419 2701 2588 2763 inter
2630 2699 2891 2763 codices
2945 2699 3127 2763 Cice·

526 2799 833 2863 ronianos
886 2800 1218 2864 recensuit
1258 2797 1565 2864 Halmius
1623 2800 1779 2885 (zur
1824 2801 2569 2866 Handsehriftcnkunde
2630 2801 2747 2865 der
2797 2800 3126 2868 Ciceroni·

525 2900 725 2965 schen
770 2900 1132 2984 Schriften,
1203 2901 1534 2965 Monachii
1592 2905 1797 2989 1850)
1864 2926 1928 2989 p.
1971 2906 2042 2985 3,
2111 2925 2313 2966 unum
2367 2903 2688 2967 Prisciani
2745 2902 2984 2966 librum
3045 2903 3128 2966 de

524 3002 753 3089 figuris
799 3024 1213 3068 numerorum
1261 3002 1511 3068 decimo
1557 3003 1820 3068 saeculo
1876 3006 2190 3092 scriptum
2244 3006 2563 3086 continet,
2637 3005 2685 3068 f.
2742 3008 2854 3067 147
2885 3040 2969 3053 —-
3011 3007 3128 3067 150

524 3111 877 3169 Priscianus
922 3112 1353 3182 ‚arammaticus
1399 3109 1755 3185 Symmacho
1804 3142 1876 3153 —
1923 3118 1981 3170 et
2031 3113 2266 3170 similia.
2344 3112 2433 3171 De
2477 3114 2694 3186 fiquris
2747 3127 3127 3170 numerorum

522 3211 677 3271 liber
711 3213 1039 3285 sinqularis
1074 3212 1381 3271 Prisciani
1415 3214 1802 3285 yrammatici
1846 3213 2251 3273 Caesariensis
2292 3216 2557 3288 explicit.
2633 3214 2975 3274 venerando
3013 3213 3127 3272 ab·

527 3310 660 3373 bate
699 3314 982 3373 Gerberto
1014 3313 1472 3388 philosophante
1511 3332 1655 3374 suus
1685 3318 1942 3390 placens
1987 3315 2308 3390 Ayrardus
2343 3317 2604 3390 scripsit.
2679 3334 2825 3376 eum
2870 3332 3125 3397 quoque

526 3410 784 3474 Graeca
818 3409 1144 3474 vocabula
1184 3409 1379 3496 plena
1420 3412 1683 3497 quidem
1730 3412 2077 3494 exhibere,
2122 3412 2240 3476 sed
2280 3434 2408 3476 non
2448 3413 2714 3477 diversa
2747 3434 2787 3476 a
2815 3410 3128 3477 Leidensi

525 3521 588 3575 et
631 3511 1015 3576 Monacensi
1058 3511 1258 3594 libro,
1332 3513 1610 3596 cognovi
1661 3535 1745 3577 ex
1790 3515 1908 3595 iis,
1977 3535 2145 3601 quac
2190 3535 2230 3576 a
2273 3536 2374 3577 me
2423 3515 2863 3600 interrogatus
2914 3536 2992 3578 ea
3045 3513 3128 3577 de

523 3636 593 3677 re
648 3612 1004 3677 liberaliter
1059 3615 1397 3701 rescripsit
1455 3616 1557 3678 vir
1612 3615 2096 3679 illustrissimus
2160 3613 2683 3679 Doederleinius.
2786 3625 3128 3701 practerea

524 3716 624 3780 bis
668 3717 733 3780 in
781 3710 1055 3780 Graecis
1100 3714 1441 3780 vocabulis
1482 3716 1808 3803 adscripsi
1847 3718 2291 3782 testimonium
2339 3717 2583 3781 codicis
2616 3716 2902 3780 Parisini
2937 3718 3124 3795 7504,

523 3818 637 3905 qui
676 3840 807 3881 una
847 3838 993 3879 cum
1038 3817 1281 3881 maiore
1322 3840 1519 3904 opere
1549 3817 1871 3881 Prisciani
1915 3818 2033 3883 hos
2075 3818 2277 3883 libros
2323 3817 2575 3883 decimo
2621 3815 2880 3881 saeculo
2926 3817 3123 3902 scrip-

518 3929 622 3985 tos
674 3918 1002 4001 continet,
1075 3928 1141 3982 et
1185 3920 1341 3983 item
1389 3918 1490 3983 bis
1536 3919 1783 3983 codicis
1827 3919 2172 3984 Leidensis
2218 3920 2522 3984 Vossiani
2581 3923 2682 3984 34.
2735 3924 2808 3999 4,
2878 3919 2946 3981 in
2995 3940 3123 4004 quo

518 4030 668 4107 post
712 4020 1007 4084 Terentii
1050 4018 1311 4085 fabulas
1357 4022 1617 4086 initium
1665 4021 1815 4111 libri
1858 4021 1938 4085 de
1988 4023 2212 4086 metris
2250 4020 2540 4086 Terentii
2577 4020 2838 4085 saeculo
2872 4019 3124 4083 decimo

519 4123 830 4209 scriptum
877 4130 1078 4185 extat.
1170 4131 1457 4186 ceterum
1500 4124 1567 4185 in
1616 4144 1693 4186 ea
1738 4125 2130 4207 cognatione
2185 4124 2471 4189 omnium
2515 4121 2868 4204 librorum,
2927 4144 3124 4208 quam

514 4224 687 4301 dixi,
747 4222 981 4288 inutile
1042 4245 1188 4293 esse
1245 4224 1473 4310 putavi
1524 4244 1801 4310 operosa
1844 4224 2192 4309 diligentia
2240 4224 2558 4311 quidquid
2606 4224 2857 4288 librarii
2900 4244 3125 4309 pecca-

514 4334 752 4391 verunt
787 4326 1137 4390 memoriae
1176 4324 1484 4411 prodere,
1531 4326 1645 4390 sed
1686 4347 1831 4390 eam
1865 4328 2187 4390 rationem
2233 4336 2494 4389 secutus
2541 4348 2712 4409 sum,
2757 4337 2864 4408 ut,
2908 4324 3124 4412 siquid

515 4429 583 4491 in
629 4449 759 4492 uno
803 4427 972 4492 libro
1018 4425 1126 4492 vel
1163 4429 1475 4492 omissum
1517 4426 1622 4493 vel
1667 4450 1871 4513 prave
1930 4430 2241 4515 scriptum
2306 4437 2506 4507 esset,
2568 4429 2740 4514 quod
2798 4429 3122 4513 integrum
3166 4465 3175 4472 -
3218 4477 3227 4485 .

514 4536 769 4592 extaret
820 4529 887 4591 in
930 4529 1234 4615 reliquis,
1304 4552 1433 4594 non
1488 4539 1792 4594 accurate
1851 4531 2044 4594 unius
2101 4531 2417 4614 cuiusque
2478 4528 2730 4594 librarii
2776 4528 3126 4613 neglegen—

516 4631 675 4693 tiam
723 4629 1112 4712 indicarem,
1179 4632 1247 4695 in
1303 4631 1384 4695 iis
1435 4640 1725 4714 tantum,
1792 4653 1959 4718 quae
2016 4654 2101 4695 ex
2154 4631 2638 4717 antiquioribus
2696 4630 3124 4718 scriptoribus

513 4730 851 4817 adscripta
895 4741 1115 4795 essent
1160 4732 1271 4798 vel
1325 4743 1591 4819 propter
1632 4755 1852 4796 rerum
1895 4732 2290 4816 gravitatem
2336 4735 2640 4798 maiorem
2690 4755 2912 4798 euram
2957 4732 3126 4796 desi-

516 4829 856 4913 derarent,
896 4832 1217 4921 quidquid
1254 4832 1409 4898 libri
1448 4833 1873 4916 exhiberent,
1920 4855 2371 4921 proponerem.
