3576 5595
559 393 678 454 524
1623 390 2060 474 [calseum]

660 523 701 561 μ.
734 511 847 550 1²93.
877 512 925 551 9⁴
958 510 1002 550 r.
2706 520 2748 559 ρ.
2780 505 2960 547 371-73
2991 504 3044 546 u.
3097 539 3107 548 .

557 589 620 642 ut
666 601 811 643 uxor
856 581 1080 654 uxoris,
1147 600 1314 642 amor
1358 580 1604 652 amoris,
1658 579 1806 640 odor
1850 579 2079 650 odoris,
2138 598 2307 640 soror
2347 580 2588 640 sororis.
2678 569 2963 638 neutralia
3008 596 3144 637 vero

453 692 521 742 25
557 683 918 750 breviantur,
978 692 1041 744 ιιι
1096 682 1273 743 robor
1328 681 1586 754 roboris,
1644 682 1833 741 femor
1886 681 2144 739 semoris.
2236 688 2472 741 notatur
2525 698 2778 750 memor,
2846 677 3002 756 quod
3058 686 3143 738 est

554 784 746 845 omnis
804 785 1035 862 generis
1093 794 1152 845 et
1208 793 1400 844 tamen
1459 783 1810 861 corripitur,
1879 790 1935 841 et
1990 781 2379 860 compositum
2444 782 2752 842 immemor
2801 776 2827 862 Η
2859 788 2917 841 et
2961 799 3139 840 unum

554 887 882 947 communis
924 886 1186 962 generis,
1226 885 1375 962 quod
1423 884 1764 963 producitur
1794 884 1852 943 in
1887 883 2158 960 obliquis,
2212 891 2274 942 ut
2318 884 2413 943 hic
2453 892 2509 944 et
2541 885 2687 944 baec
2731 891 2938 943 auctor
2967 871 3141 943 liuius

453 999 520 1050 26
555 988 830 1048 auctoriS.
922 1007 990 1047 ur
1039 987 1256 1066 syllaba
1317 987 1624 1047 terminata
1670 986 2035 1058 breviantur,
2088 993 2150 1044 ιιι
2196 984 2420 1064 sapisur
2470 985 2699 1059 letifur,
2745 992 2803 1045 et
2848 983 3039 1044 omnia
3080 983 3186 1042 ins

553 1089 806 1167 obliquis
849 1089 1083 1149 casibus
1119 1088 1481 1162 breviantur,
1530 1095 1592 1147 ut
1635 1087 1857 1166 sapisur
1902 1087 2192 1166 sapisnriS.
2248 1087 2512 1148 similiter
2554 1088 2649 1148 hic
2699 1093 2864 1146 satur
2907 1084 3137 1153 saturis,

552 1191 666 1250 boc
699 1192 863 1252 iecur
906 1191 1116 1251 iecoris
1157 1190 1242 1249 vel
1281 1190 1584 1260 iecinoriS,
1633 1189 1745 1248 hoc
1791 1188 1976 1249 sulfur
2018 1187 2273 1248 sulfuris.

721 1294 797 1352 As
837 1291 1052 1371 syllaba
1085 1291 1390 1352 terminata
1423 1292 1859 1370 producuntur,
1908 1298 1969 1350 ut
2002 1290 2253 1366 dignitas
2282 1289 2601 1366 ‹lignitatiS,
2628 1289 2837 1368 pietas,
2870 1286 3136 1360 felicitas,

552 1401 609 1453 et
661 1394 854 1454 omnia
913 1412 945 1453 a
995 1394 1244 1454 litteram
1306 1393 1364 1452 in
1436 1393 1788 1452 nominativo
1858 1392 2200 1470 productam
2273 1399 2522 1452 servant.
2612 1398 2891 1452 notantur
2954 1407 3137 1468 pauca

547 1495 853 1556 masculini
899 1495 1130 1573 generis
1179 1495 1411 1573 propria
1468 1495 1677 1573 partim
1733 1515 1767 1555 a
1821 1492 2158 1554 nominibus
2206 1493 2497 1553 civitatum
2543 1492 2796 1573 propriis
2837 1491 3134 1563 translata,
3160 1502 3210 1542 ¹⁰

550 1615 698 1674 quae
753 1616 859 1675 per
915 1615 1229 1676 syncopam
1287 1595 1532 1675 proferri
1588 1595 1889 1666 videntur,
1959 1594 2095 1654 dum
2162 1603 2467 1654 accentum
2522 1594 2582 1654 in
2640 1594 2838 1654 ultima
2903 1602 3137 1653 servant

548 1698 796 1776 syllaba,
836 1699 990 1776 quod
1034 1707 1124 1758 est
1162 1706 1363 1759 contra
1409 1697 1669 1774 regulam
1717 1696 2085 1768 Latinorum,
2130 1705 2192 1758 ιιι
2230 1697 2474 1756 Larinas
2517 1695 2825 1756 Maecenas
2868 1697 3132 1776 Arpinas.

463 1868 469 1877 ,
548 1800 651 1860 sed
696 1800 755 1860 in
793 1799 1201 1862 vetustissimis
1232 1799 1396 1860 libris
1431 1799 1809 1859 inveniuntur
1839 1798 2086 1878 proferri
2122 1798 2410 1858 Larinatis
2458 1797 2810 1858 Maecenatis
2842 1798 3135 1877 Arpinatis

445 1916 512 1966 27
550 1921 657 1980 pro
713 1902 956 1963 Larinas
1000 1902 1302 1961 Maecenas
1355 1901 1630 1980 Arpinas3
1687 1900 1841 1960 unde
1898 1899 2193 1960 subtracta
2256 1900 2294 1959 ti
2341 1906 2621 1959 accentus
2677 1899 2977 1960 remansit.
3068 1918 3134 1959 es

547 2003 762 2081 syllaba
851 2003 1009 2064 linita
1104 2003 1467 2074 breviantur,
1555 2012 1615 2063 ut
1694 2002 1981 2062 llercules
2064 2002 2303 2080 sonipes
2388 2001 2571 2079 alipes
2643 2000 2857 2080 stipes,
2937 2010 2995 2061 et
3067 2001 3124 2061 in
3154 2019 3202 2058 ιι»

544 2105 796 2183 obliquis
854 2104 1121 2165 similiter
1163 2101 1564 2186 brelviantur,
1607 2112 1669 2163 ut
1715 2104 1983 2164 Herculis
2021 2113 2074 2163 et
2124 2111 2346 2163 cetera:
2415 2103 2703 2181 excipitur
2747 2104 2920 2162 heres
2965 2103 3134 2162 here-

543 2206 663 2280 «lis,
707 2205 970 2285 locuples
1016 2205 1342 2284 locupletis,
1376 2224 1524 2282 quae
1565 2205 1985 2285 producuntur.
2047 2213 2104 2265 et
2144 2205 2494 2277 notandum,
2548 2205 2700 2281 quod
2748 2204 2939 2264 omnia
2984 2223 3133 2282 quae

544 2314 680 2366 sunt
726 2307 962 2383 quintae
1017 2306 1424 2367 declinationis
1481 2307 1539 2365 in
1598 2305 1851 2384 obliquis
1914 2307 2351 2386 producuntur,
2411 2306 2683 2383 quoniam
2742 2306 3131 2385 paenultimae

544 2427 744 2468 eorum
779 2408 836 2467 in
871 2408 1222 2468 nominativo
1261 2415 1316 2466 et
1365 2407 1619 2467 vocativo
1655 2408 2081 2487 corripiuntur,
2128 2419 2190 2468 ut
2233 2408 2379 2468 baec
2424 2408 2604 2468 facies
2636 2429 2670 2468 o
2708 2408 2909 2481 facies,
2950 2407 3127 2481 acieS,

543 2509 687 2568 dies.
777 2518 1077 2589 praeterea
1126 2527 1304 2569 unum
1352 2517 1585 2569 notatur
1628 2509 1685 2569 in
1734 2510 1937 2569 eadem
1986 2509 2244 2571 clausula
2292 2510 2549 2583 linitum,
2592 2510 2748 2587 quod
2795 2529 2912 2571 non
2959 2510 3200 2587 quin-²⁰

546 2618 636 2669 tae
674 2610 776 2669 sed
819 2610 1022 2670 tertiae
1062 2610 1467 2670 declinationis
1510 2620 1630 2682 est,
1671 2611 2017 2689 producitur
2060 2620 2288 2684 tamen,
2335 2619 2397 2671 ut
2438 2611 2604 2688 quies
2644 2610 2877 2688 quietis.
2937 2619 3130 2670 cetera

439 2729 506 2780 28
548 2712 603 2771 in
660 2711 911 2790 obliquis
967 2712 1333 2791 corripienda
1391 2720 1555 2785 sunt,
1621 2719 1686 2772 ut
1741 2713 1903 2773 abies
1956 2712 2192 2784 abietis,
2254 2713 2436 2784 aries,
2496 2711 2708 2790 paries.
2798 2711 2848 2771 is
2914 2710 3127 2789 syllaba

542 2814 732 2888 finita,
781 2816 828 2874 si
867 2816 985 2876 sint
1027 2815 1383 2888 accidentia,
1425 2816 1858 2894 producuntur,
1909 2822 1969 2874 ut
2015 2815 2206 2875 suavis
2240 2814 2591 2874 memorialis
2630 2813 2919 2893 specialis.
2983 2814 3129 2873 baec

540 2924 735 2977 autem
788 2918 978 2977 omnia
1038 2917 1365 2978 communis
1428 2925 1566 2976 sunt
1618 2917 1880 2993 generis:
1944 2917 2161 2976 faciunt
2216 2917 2370 2976 enim
2429 2923 2700 2975 nentrum
2748 2916 2871 2990 sic,
2929 2915 3025 2975 hic
3068 2920 3127 2973 et

538 3019 684 3077 haec
748 3019 939 3078 suavis
1008 3019 1120 3079 boc
1170 3038 1378 3091 suave,
1441 3019 1536 3079 bic
1595 3026 1652 3078 et
1701 3018 1847 3078 haec
1904 3017 2176 3097 specialis
2233 3018 2345 3078 hoc
2393 3018 2665 3097 speciale.
2758 3036 2891 3077 nam
2950 3025 3010 3077 et
3064 3016 3120 3075 in
3143 3033 3197 3072 ²5

539 3119 792 3197 obliquis
836 3120 1271 3198 producuntur,
1312 3129 1372 3181 ut
1414 3121 1588 3180 huius
1624 3100 1899 3198 specialis
1949 3128 2003 3177 et
2051 3120 2262 3179 suavis.
2354 3119 2697 3199 appellativa
2746 3127 2938 3178 autem
2981 3119 3127 3178 haec

539 3221 912 3300 producenda
956 3231 1121 3294 sunt,
1178 3232 1241 3283 ut
1296 3222 1518 3282 securis
1571 3220 1778 3281 lebetis
1826 3221 2065 3300 sinapis
2158 3229 2352 3281 cetera
2396 3239 2532 3280 vero
2579 3221 2945 3300 corripienda
2989 3228 3126 3282 sunt

535 3324 593 3383 in
640 3322 890 3399 obliquis
938 3324 1202 3395 casibus,
1248 3343 1397 3400 quae
1442 3323 1720 3401 disyllaba
1758 3322 2132 3382 inveniuntur
2182 3323 2239 3382 in
2272 3322 2657 3395 nominative,
2702 3330 2767 3382 ιιι
2805 3322 2954 3402 lapis
2984 3318 3013 3405 Η
3042 3322 3126 3383 la-

537 3424 717 3502 pidis,
769 3424 957 3502 pulvis
994 3425 1278 3504 pulveris,
1325 3425 1566 3502 sanguis
1615 3424 1947 3511 sauguinis:
1994 3425 2278 3503 excipitur
2316 3421 2325 3506 Ι
2368 3424 2650 3502 impubiS,
2708 3426 2864 3503 quod
2907 3424 3125 3503 produ-

432 3548 501 3597 2⁴.)
538 3525 688 3586 citur
738 3534 852 3585 tani
906 3527 966 3587 in
1023 3526 1376 3587 nominativo
1428 3544 1604 3603 quam
1660 3526 1716 3585 in
1760 3527 2012 3603 obliquis
2057 3528 2323 3600 casibuS,
2367 3537 2429 3589 ut
2475 3527 2647 3588 buius
2692 3526 2964 3607 impubis.
3056 3546 3194 3585 osso

534 3627 750 3707 syllaba
796 3628 1101 3689 terminata
1147 3626 1204 3686 in
1251 3626 1621 3707 paenultiinis
1663 3629 2039 3707 producenda
2087 3638 2256 3704 sunt,
2308 3637 2369 3690 ut
2407 3629 2502 3690 hie
2544 3639 2600 3689 et
2647 3629 2793 3689 haec
2843 3628 3121 3689 sacerdos

702 3901 724 3951 l
771 3902 1016 3951 neutralia
1053 3930 1115 3937 —
1148 3904 1177 3950 2
1216 3901 1426 3950 semoris
1464 3916 1553 3949 om.
1585 3901 1627 3951 G
1767 3902 1801 3949 2
1843 3912 1894 3950 nt
1936 3902 2086 3951 robur
2125 3903 2321 3950 roboris
2361 3900 2524 3950 femur
2564 3901 2771 3951 semoris
2807 3901 2864 3949 H
2998 3905 3029 3952 4
3070 3912 3123 3951 ut

531 3970 682 4019 huius
715 3973 935 4020 auctoris*
982 3971 1084 4019 GH
1223 3972 1254 4019 5
1294 3970 1490 4020 lectifur
1529 3972 1571 4020 G
1713 3972 1745 4037 β
1780 3970 1861 4019 hic
1900 3982 2039 4020 situi·
2078 3981 2124 4019 ct
2162 3970 2256 4019 boe
2295 3973 2432 4019 iecur
2461 3969 2627 4019 sulfur
2658 3972 2839 4020 iecoris
2877 3972 2958 4019 uel
3003 3972 3121 4019 ieci-

534 4042 669 4088 nori-⁵
713 4041 766 4088 ll
807 4039 886 4088 hic
937 4049 1077 4089 satur
1127 4040 1263 4089 iecur
1314 4039 1479 4089 sulfur
1525 4041 1755 4088 sulfuris.
1836 4042 2081 4089 neutralia
2123 4056 2243 4088 uei-o
2294 4041 2587 4095 breuiantnr
2632 4051 2686 4089 ut
2735 4040 2887 4089 robur
2926 4040 3122 4090 roboris

532 4110 697 4158 femur
731 4110 940 4159 semoris
976 4110 1224 4173 excipitur
1266 4111 1390 4158 ebur
1427 4109 1562 4173 quod
1601 4110 1896 4175 producitur
1933 4109 2083 4160 liuius
2120 4110 2286 4158 eboris
2317 4112 2358 4159 G
2475 4109 2507 4156 Ω
2546 4118 2593 4158 et
2633 4110 2802 4160 omnia
2839 4126 2869 4159 a
2906 4110 3120 4159 litteram

532 4180 582 4227 iu
635 4180 948 4227 nominatiub
1003 4188 1209 4227 seruant
1243 4180 1299 4228 ΙΙ
1342 4187 1390 4227 et
1435 4179 1602 4228 omniu
1637 4195 1665 4227 a
1709 4181 1757 4227 in
1796 4181 2107 4228 nominatino
2148 4181 2439 4243 productam
2478 4189 2683 4228 seruant
2725 4180 2767 4229 G
2809 4189 2856 4228 et
2890 4181 3058 4228 omnia
3092 4195 3123 4227 a

533 4249 745 4296 litteram
783 4260 990 4297 seruant
1027 4249 1073 4295 iu
1115 4248 1248 4297 omni
1292 4263 1411 4296 casu
1453 4249 1743 4314 productam
1780 4264 1813 4304 ς
1851 4259 1900 4297 et
1937 4250 2105 4297 omnia
2144 4265 2271 4309 quae
2300 4265 2357 4296 as
2388 4251 2436 4297 in
2478 4249 2787 4299 nominativo
2823 4249 3120 4314 productam

531 4328 736 4366 servant
779 4319 1148 4372 Lindemanmes
1291 4318 1350 4365 15
1389 4319 1599 4380 sonipes
1635 4319 1813 4383 adipes
1844 4319 2068 4383 locuples
2107 4319 2264 4383 stipes
2299 4320 2341 4367 G
2482 4318 2532 4365 in
2572 4319 2789 4381 obliquis
2829 4319 3121 4367 breuiantur

533 4388 584 4436 ΙΙ
615 4388 663 4435 in
705 4387 926 4449 obliquis
967 4388 1198 4435 similiter
1237 4386 1279 4436 G
1461 4386 1519 4437 17
1558 4389 1782 4453 locuples
1824 4387 2088 4452 locupletis
2126 4403 2160 4442 ς
2198 4389 2377 4452 poples
2423 4386 2491 4436 Po
2530 4387 2588 4435 H
2613 4387 2794 4454 poples
2831 4388 3038 4452 poplitis
3077 4388 3120 4437 G

702 4458 835 4518 quod
875 4457 1167 4520 producitur
1194 4456 1247 4503 ll
1431 4456 1491 4506 18
1529 4458 1729 4519 qnando
1769 4472 1942 4505 eornm
1982 4458 2289 4522 penultimae
2330 4458 2377 4505 in
2413 4458 2724 4505 nominatiuo
2757 4457 3117 4521 corripiuntur,

530 4526 696 4573 noc-ali
728 4534 843 4573 ante
881 4541 935 4573 cs
974 4526 1158 4590 posita,
1200 4535 1254 4573 ut
1285 4524 1440 4573 facies
1481 4525 1647 4587 faciei,
1684 4527 1796 4576 dies
1831 4527 1954 4575 diei.
2007 4536 2315 4575 consonante
2355 4536 2523 4574 autem
2561 4536 2677 4575 ante
2715 4542 2770 4575 es
2810 4526 2976 4590 posita
3006 4541 3120 4575 cor-

533 4595 784 4659 ripiuntur
832 4594 880 4641 in
932 4595 1177 4656 obliquis,
1235 4602 1288 4641 ut
1337 4594 1464 4643 fides
1509 4595 1622 4642 lidei
1662 4609 1694 4651 ς
1878 4596 1939 4643 ll)
1979 4606 2030 4644 ιιι
2068 4596 2224 4643 facies
2262 4597 2373 4644 dies
2414 4597 2549 4645 acics
2577 4633 2589 4646 .
2622 4596 2874 4659 excipitur
2905 4594 3033 4643 fides
3073 4605 3120 4643 et

532 4663 660 4709 fides
701 4663 873 4711 fidium
900 4698 909 4709 .
939 4674 1197 4726 praeterea
1238 4664 1280 4711 G
1459 4665 1523 4712 23
1562 4665 1842 4713 accidentia
1878 4666 1938 4713 II
1968 4666 2252 4713 communia
2290 4666 2333 4713 G
2371 4665 2619 4714 adice-tiva
2646 4666 2812 4715 codex
2844 4664 3125 4712 Bur-manni

702 4731 767 4778 27
819 4731 1029 4793 plebetis
1069 4733 1261 4795 sinapis
1302 4734 1345 4781 G
1380 4733 1576 4797 sinapis
1616 4733 1791 4781 lebetis
1822 4747 1873 4793 ς,
1903 4748 1993 4783 mn.
2021 4735 2074 4782 II
2245 4736 2313 4784 29
2351 4734 2645 4799 producitur
2685 4734 3058 4783 Lindemannus
3093 4748 3122 4782 e

529 4798 707 4846 codice
741 4798 1019 4849 Burmanni
1050 4802 1319 4864 corripitur
1356 4802 1457 4851 Gli
1635 4802 1695 4851 31
1747 4810 1801 4849 ut
1837 4803 2075 4852 sacerdos
2110 4804 2392 4854 sacerdotis
2433 4805 2569 4867 quod
2607 4805 2862 4869 positione
2910 4805 3122 4868 longum

531 4874 609 4915 est
645 4874 701 4912 ut
735 4878 966 4930 magatos
1002 4869 1290 4933 sernigntos
1327 4871 1377 4917 in
1411 4870 1627 4932 obliquis
1662 4871 2010 4933 producuntur
2051 4883 2102 4921 ut
2140 4874 2281 4937 lepos
2315 4872 2357 4922 G
