<?xml version="1.0" encoding="UTF-8"?>
<!DOCTYPE html PUBLIC "-//W3C//DTD XHTML 1.0 Transitional//EN"
    "http://www.w3.org/TR/xhtml1/DTD/xhtml1-transitional.dtd">
<html xmlns="http://www.w3.org/1999/xhtml" xml:lang="en" lang="en">
 <head>
  <title>
</title>
<meta http-equiv="Content-Type" content="text/html;charset=utf-8" />
  <meta name='ocr-system' content='tesseract 3.04.00' />
  <meta name='ocr-capabilities' content='ocr_page ocr_carea ocr_par ocr_line ocrx_word'/>
</head>
<body>
  <div class='ocr_page' id='page_1' title='image "./grammaticilatin06hagagoog_0014.png"; bbox 0 0 3576 5595; ppageno 0'>
   <div class='ocr_carea' id='block_1_1' title="bbox 589 405 2096 476">
    <p class='ocr_par' dir='ltr' id='par_1_1' title="bbox 589 405 2096 476">
     <span class='ocr_line' id='line_1_1' title="bbox 589 405 2096 476; baseline 0.004 -14"><span class='ocrx_word' id='word_1_1' title='bbox 589 420 687 463; x_wconf 86' lang='lat' dir='ltr'>vm</span> <span class='ocrx_word' id='word_1_2' title='bbox 874 472 878 476; x_wconf 17' lang='grc' dir='ltr'><strong>Α</strong></span> <span class='ocrx_word' id='word_1_3' title='bbox 1679 405 2096 468; x_wconf 75' lang='lat' dir='ltr'><strong>PRAEFATIO</strong></span> 
     </span>
    </p>
   </div>
   <div class='ocr_carea' id='block_1_2' title="bbox 498 588 3191 4935">
    <p class='ocr_par' dir='ltr' id='par_1_2' title="bbox 589 588 3180 879">
     <span class='ocr_line' id='line_1_2' title="bbox 589 588 3175 676; baseline -0 -21"><span class='ocrx_word' id='word_1_4' title='bbox 589 590 899 656; x_wconf 89' lang='lat' dir='ltr'>orationis</span> <span class='ocrx_word' id='word_1_5' title='bbox 948 589 1293 675; x_wconf 87' lang='lat' dir='ltr'>partium.’</span> <span class='ocrx_word' id='word_1_6' title='bbox 1361 610 1528 674; x_wconf 90' lang='lat' dir='ltr'>quae</span> <span class='ocrx_word' id='word_1_7' title='bbox 1566 588 1863 653; x_wconf 81' lang='lat' dir='ltr'>collectio</span> <span class='ocrx_word' id='word_1_8' title='bbox 1899 590 2154 653; x_wconf 85' lang='lat' dir='ltr'>etiamsi</span> <span class='ocrx_word' id='word_1_9' title='bbox 2187 611 2359 654; x_wconf 88' lang='lat' dir='ltr'>nunc</span> <span class='ocrx_word' id='word_1_10' title='bbox 2398 599 2572 655; x_wconf 88' lang='lat' dir='ltr'>certe</span> <span class='ocrx_word' id='word_1_11' title='bbox 2610 590 2839 676; x_wconf 80' lang='lat' dir='ltr'>incipit</span> <span class='ocrx_word' id='word_1_12' title='bbox 2872 612 2910 654; x_wconf 86' lang='lat' dir='ltr'>a</span> <span class='ocrx_word' id='word_1_13' title='bbox 2946 595 3175 655; x_wconf 78' lang='lat' dir='ltr'>‘curo’</span> 
     </span>
     <span class='ocr_line' id='line_1_3' title="bbox 591 678 3179 776; baseline -0 -20"><span class='ocrx_word' id='word_1_14' title='bbox 591 678 655 756; x_wconf 82' lang='lat' dir='ltr'>et</span> <span class='ocrx_word' id='word_1_15' title='bbox 700 690 1152 773; x_wconf 77' lang='grc' dir='ltr'><em>ἐπιδείκνυμι,</em></span> <span class='ocrx_word' id='word_1_16' title='bbox 1212 687 1540 772; x_wconf 70' lang='grc' dir='ltr'><em>ἐμποδίζοι)</em></span> <span class='ocrx_word' id='word_1_17' title='bbox 1580 699 1645 753; x_wconf 88' lang='lat' dir='ltr'>ct</span> <span class='ocrx_word' id='word_1_18' title='bbox 1689 690 2045 776; x_wconf 76' lang='lat' dir='ltr'>‘impedio&#39;</span> <span class='ocrx_word' id='word_1_19' title='bbox 2069 740 2086 773; x_wconf 94' lang='lat'>,</span> <span class='ocrx_word' id='word_1_20' title='bbox 2140 691 2193 754; x_wconf 76' lang='lat' dir='ltr'>si</span> <span class='ocrx_word' id='word_1_21' title='bbox 2236 701 2456 755; x_wconf 89' lang='lat' dir='ltr'>tamen</span> <span class='ocrx_word' id='word_1_22' title='bbox 2503 683 2669 755; x_wconf 78' lang='grc' dir='ltr'><em>κατὰ</em></span> <span class='ocrx_word' id='word_1_23' title='bbox 2708 701 3041 773; x_wconf 81' lang='grc' dir='ltr'><em>στοιχεῖον</em></span> <span class='ocrx_word' id='word_1_24' title='bbox 3082 693 3179 756; x_wconf 92' lang='lat' dir='ltr'>in-</span> 
     </span>
     <span class='ocr_line' id='line_1_4' title="bbox 593 790 3180 879; baseline -0.001 -22"><span class='ocrx_word' id='word_1_25' title='bbox 593 795 885 857; x_wconf 88' lang='lat' dir='ltr'>stitutam</span> <span class='ocrx_word' id='word_1_26' title='bbox 951 813 1094 856; x_wconf 89' lang='lat' dir='ltr'>esse</span> <span class='ocrx_word' id='word_1_27' title='bbox 1158 791 1420 874; x_wconf 81' lang='lat' dir='ltr'>dixero,</span> <span class='ocrx_word' id='word_1_28' title='bbox 1487 790 1945 877; x_wconf 88' lang='lat' dir='ltr'>pernegabunt</span> <span class='ocrx_word' id='word_1_29' title='bbox 2011 791 2135 855; x_wconf 87' lang='lat' dir='ltr'>hoc</span> <span class='ocrx_word' id='word_1_30' title='bbox 2200 793 2278 874; x_wconf 91' lang='lat' dir='ltr'>ii,</span> <span class='ocrx_word' id='word_1_31' title='bbox 2350 794 2463 879; x_wconf 89' lang='lat' dir='ltr'>qui</span> <span class='ocrx_word' id='word_1_32' title='bbox 2530 793 2890 878; x_wconf 73' lang='lat' dir='ltr'>vetustiore</span> <span class='ocrx_word' id='word_1_33' title='bbox 2956 792 3180 878; x_wconf 88' lang='lat' dir='ltr'>aliqua</span> 
     </span>
    </p>

    <p class='ocr_par' dir='ltr' id='par_1_3' title="bbox 498 892 3191 4527">
     <span class='ocr_line' id='line_1_5' title="bbox 590 892 3179 970; baseline 0 -12"><span class='ocrx_word' id='word_1_34' title='bbox 590 893 917 959; x_wconf 83' lang='lat' dir='ltr'>Prisciani</span> <span class='ocrx_word' id='word_1_35' title='bbox 964 893 1248 957; x_wconf 82' lang='lat' dir='ltr'>editione</span> <span class='ocrx_word' id='word_1_36' title='bbox 1293 902 1590 970; x_wconf 85' lang='lat' dir='ltr'>utentur,</span> <span class='ocrx_word' id='word_1_37' title='bbox 1644 892 1977 956; x_wconf 89' lang='lat' dir='ltr'>veteribus</span> <span class='ocrx_word' id='word_1_38' title='bbox 2023 893 2124 957; x_wconf 90' lang='lat' dir='ltr'>his</span> <span class='ocrx_word' id='word_1_39' title='bbox 2179 894 2483 958; x_wconf 86' lang='lat' dir='ltr'>sordibus</span> <span class='ocrx_word' id='word_1_40' title='bbox 2528 917 2568 958; x_wconf 87' lang='lat' dir='ltr'>a</span> <span class='ocrx_word' id='word_1_41' title='bbox 2610 894 2904 959; x_wconf 89' lang='lat' dir='ltr'>codicum</span> <span class='ocrx_word' id='word_1_42' title='bbox 2959 894 3179 958; x_wconf 80' lang='lat' dir='ltr'>lectio-</span> 
     </span>
     <span class='ocr_line' id='line_1_6' title="bbox 498 981 3181 1082; baseline -0 -22"><span class='ocrx_word' id='word_1_43' title='bbox 498 981 504 989; x_wconf 49' lang='grc'><strong>’</strong></span> <span class='ocrx_word' id='word_1_44' title='bbox 593 995 786 1060; x_wconf 88' lang='lat' dir='ltr'>nibus</span> <span class='ocrx_word' id='word_1_45' title='bbox 859 994 1085 1058; x_wconf 89' lang='lat' dir='ltr'>sedulo</span> <span class='ocrx_word' id='word_1_46' title='bbox 1162 994 1525 1079; x_wconf 78' lang='lat' dir='ltr'>segregatis</span> <span class='ocrx_word' id='word_1_47' title='bbox 1611 992 1928 1080; x_wconf 82' lang='lat' dir='ltr'>paulatim</span> <span class='ocrx_word' id='word_1_48' title='bbox 2020 996 2419 1082; x_wconf 83' lang='lat' dir='ltr'>perspicient</span> <span class='ocrx_word' id='word_1_49' title='bbox 2508 997 2747 1082; x_wconf 90' lang='lat' dir='ltr'>quibus</span> <span class='ocrx_word' id='word_1_50' title='bbox 2833 995 3181 1082; x_wconf 85' lang='lat' dir='ltr'>Scapulam</span> 
     </span>
     <span class='ocr_line' id='line_1_7' title="bbox 594 1094 3179 1183; baseline -0.001 -22"><span class='ocrx_word' id='word_1_51' title='bbox 594 1098 1037 1171; x_wconf 86' lang='lat' dir='ltr'>Oxoniensem</span> <span class='ocrx_word' id='word_1_52' title='bbox 1091 1106 1164 1159; x_wconf 91' lang='lat' dir='ltr'>ut</span> <span class='ocrx_word' id='word_1_53' title='bbox 1219 1095 1529 1159; x_wconf 83' lang='lat' dir='ltr'>evolvant</span> <span class='ocrx_word' id='word_1_54' title='bbox 1582 1094 1945 1181; x_wconf 90' lang='lat' dir='ltr'>contingit,</span> <span class='ocrx_word' id='word_1_55' title='bbox 2009 1097 2219 1182; x_wconf 91' lang='lat' dir='ltr'>primo</span> <span class='ocrx_word' id='word_1_56' title='bbox 2277 1097 2507 1161; x_wconf 87' lang='lat' dir='ltr'>obtutu</span> <span class='ocrx_word' id='word_1_57' title='bbox 2565 1105 2924 1183; x_wconf 83' lang='lat' dir='ltr'>agnoscent</span> <span class='ocrx_word' id='word_1_58' title='bbox 2979 1096 3179 1159; x_wconf 86' lang='lat' dir='ltr'>semel</span> 
     </span>
     <span class='ocr_line' id='line_1_8' title="bbox 595 1191 3181 1264; baseline -0.002 0"><span class='ocrx_word' id='word_1_59' title='bbox 595 1199 824 1264; x_wconf 89' lang='lat' dir='ltr'>moniti</span> <span class='ocrx_word' id='word_1_60' title='bbox 868 1197 1172 1262; x_wconf 85' lang='lat' dir='ltr'>editionis</span> <span class='ocrx_word' id='word_1_61' title='bbox 1211 1197 1403 1261; x_wconf 88' lang='lat' dir='ltr'>huius</span> <span class='ocrx_word' id='word_1_62' title='bbox 1463 1195 1763 1261; x_wconf 87' lang='lat' dir='ltr'>lectores.</span> <span class='ocrx_word' id='word_1_63' title='bbox 1856 1217 2007 1259; x_wconf 87' lang='lat' dir='ltr'>nam</span> <span class='ocrx_word' id='word_1_64' title='bbox 2053 1198 2205 1261; x_wconf 92' lang='lat' dir='ltr'>inde</span> <span class='ocrx_word' id='word_1_65' title='bbox 2244 1220 2284 1262; x_wconf 86' lang='lat' dir='ltr'>a</span> <span class='ocrx_word' id='word_1_66' title='bbox 2321 1200 2510 1264; x_wconf 84' lang='lat' dir='ltr'>tertio</span> <span class='ocrx_word' id='word_1_67' title='bbox 2568 1198 2889 1264; x_wconf 85' lang='lat' dir='ltr'>vocabulo</span> <span class='ocrx_word' id='word_1_68' title='bbox 2943 1191 3181 1261; x_wconf 77' lang='grc' dir='ltr'><em>αἰσθά-</em></span> 
     </span>
     <span class='ocr_line' id='line_1_9' title="bbox 596 1296 3184 1385; baseline -0.001 -20"><span class='ocrx_word' id='word_1_69' title='bbox 596 1324 797 1384; x_wconf 85' lang='grc' dir='ltr'><em>νομαι</em></span> <span class='ocrx_word' id='word_1_70' title='bbox 837 1300 1173 1363; x_wconf 89' lang='lat' dir='ltr'>literarum</span> <span class='ocrx_word' id='word_1_71' title='bbox 1229 1299 1389 1364; x_wconf 91' lang='lat' dir='ltr'>ordo</span> <span class='ocrx_word' id='word_1_72' title='bbox 1446 1296 1805 1362; x_wconf 89' lang='lat' dir='ltr'>secundum</span> <span class='ocrx_word' id='word_1_73' title='bbox 1859 1298 2161 1384; x_wconf 87' lang='lat' dir='ltr'>exempla</span> <span class='ocrx_word' id='word_1_74' title='bbox 2205 1320 2290 1363; x_wconf 85' lang='lat' dir='ltr'>ex</span> <span class='ocrx_word' id='word_1_75' title='bbox 2336 1300 2593 1365; x_wconf 87' lang='lat' dir='ltr'>Graeco</span> <span class='ocrx_word' id='word_1_76' title='bbox 2638 1321 2934 1364; x_wconf 85' lang='lat' dir='ltr'>sermone</span> <span class='ocrx_word' id='word_1_77' title='bbox 2976 1300 3184 1385; x_wconf 83' lang='lat' dir='ltr'>petita</span> 
     </span>
     <span class='ocr_line' id='line_1_10' title="bbox 595 1399 3183 1488; baseline -0.002 -21"><span class='ocrx_word' id='word_1_78' title='bbox 595 1410 972 1467; x_wconf 82' lang='lat' dir='ltr'>constanter</span> <span class='ocrx_word' id='word_1_79' title='bbox 1015 1400 1152 1464; x_wconf 88' lang='lat' dir='ltr'>fere</span> <span class='ocrx_word' id='word_1_80' title='bbox 1197 1409 1497 1465; x_wconf 88' lang='lat' dir='ltr'>servatus</span> <span class='ocrx_word' id='word_1_81' title='bbox 1541 1408 1662 1464; x_wconf 89' lang='lat' dir='ltr'>est.</span> <span class='ocrx_word' id='word_1_82' title='bbox 1754 1399 1930 1484; x_wconf 90' lang='lat' dir='ltr'>quod</span> <span class='ocrx_word' id='word_1_83' title='bbox 1977 1401 2033 1463; x_wconf 91' lang='lat' dir='ltr'>si</span> <span class='ocrx_word' id='word_1_84' title='bbox 2078 1401 2221 1486; x_wconf 90' lang='lat' dir='ltr'>ipse</span> <span class='ocrx_word' id='word_1_85' title='bbox 2266 1402 2748 1488; x_wconf 83' lang='lat' dir='ltr'>perspexissem</span> <span class='ocrx_word' id='word_1_86' title='bbox 2791 1411 2943 1465; x_wconf 89' lang='lat' dir='ltr'>ante</span> <span class='ocrx_word' id='word_1_87' title='bbox 2988 1423 3183 1488; x_wconf 89' lang='lat' dir='ltr'>quam</span> 
     </span>
     <span class='ocr_line' id='line_1_11' title="bbox 596 1501 3181 1589; baseline -0 -23"><span class='ocrx_word' id='word_1_88' title='bbox 596 1505 800 1589; x_wconf 87' lang='lat' dir='ltr'>ipsius</span> <span class='ocrx_word' id='word_1_89' title='bbox 848 1501 1042 1567; x_wconf 88' lang='lat' dir='ltr'>huius</span> <span class='ocrx_word' id='word_1_90' title='bbox 1089 1501 1369 1586; x_wconf 83' lang='lat' dir='ltr'>catalogi</span> <span class='ocrx_word' id='word_1_91' title='bbox 1409 1510 1660 1588; x_wconf 88' lang='lat' dir='ltr'>partem</span> <span class='ocrx_word' id='word_1_92' title='bbox 1697 1523 1781 1564; x_wconf 89' lang='lat' dir='ltr'>ex</span> <span class='ocrx_word' id='word_1_93' title='bbox 1829 1522 1976 1565; x_wconf 87' lang='lat' dir='ltr'>mea</span> <span class='ocrx_word' id='word_1_94' title='bbox 2019 1502 2225 1588; x_wconf 89' lang='lat' dir='ltr'>ipsius</span> <span class='ocrx_word' id='word_1_95' title='bbox 2272 1504 2651 1566; x_wconf 89' lang='lat' dir='ltr'>recensione</span> <span class='ocrx_word' id='word_1_96' title='bbox 2695 1503 2871 1589; x_wconf 83' lang='lat' dir='ltr'>typis</span> <span class='ocrx_word' id='word_1_97' title='bbox 2919 1524 3181 1588; x_wconf 89' lang='lat' dir='ltr'>expres-</span> 
     </span>
     <span class='ocr_line' id='line_1_12' title="bbox 596 1602 3184 1691; baseline -0.001 -22"><span class='ocrx_word' id='word_1_98' title='bbox 596 1627 738 1670; x_wconf 89' lang='lat' dir='ltr'>sam</span> <span class='ocrx_word' id='word_1_99' title='bbox 797 1603 1190 1691; x_wconf 87' lang='lat' dir='ltr'>perlustrare</span> <span class='ocrx_word' id='word_1_100' title='bbox 1246 1603 1406 1668; x_wconf 89' lang='lat' dir='ltr'>mihi</span> <span class='ocrx_word' id='word_1_101' title='bbox 1453 1603 1775 1681; x_wconf 87' lang='lat' dir='ltr'>licuisset,</span> <span class='ocrx_word' id='word_1_102' title='bbox 1826 1602 2121 1687; x_wconf 89' lang='lat' dir='ltr'>singulos</span> <span class='ocrx_word' id='word_1_103' title='bbox 2178 1602 2387 1685; x_wconf 79' lang='lat' dir='ltr'>locOS,</span> <span class='ocrx_word' id='word_1_104' title='bbox 2453 1605 2566 1688; x_wconf 91' lang='lat' dir='ltr'>qui</span> <span class='ocrx_word' id='word_1_105' title='bbox 2631 1604 2714 1667; x_wconf 86' lang='lat' dir='ltr'>ab</span> <span class='ocrx_word' id='word_1_106' title='bbox 2773 1604 3001 1668; x_wconf 88' lang='lat' dir='ltr'>ordine</span> <span class='ocrx_word' id='word_1_107' title='bbox 3061 1603 3184 1667; x_wconf 92' lang='lat' dir='ltr'>hoc</span> 
     </span>
     <span class='ocr_line' id='line_1_13' title="bbox 594 1704 3182 1790; baseline -0.002 -19"><span class='ocrx_word' id='word_1_108' title='bbox 594 1705 943 1786; x_wconf 90' lang='lat' dir='ltr'>recedunt,</span> <span class='ocrx_word' id='word_1_109' title='bbox 1005 1705 1193 1789; x_wconf 87' lang='lat' dir='ltr'>signo</span> <span class='ocrx_word' id='word_1_110' title='bbox 1249 1704 1469 1790; x_wconf 87' lang='lat' dir='ltr'>aliquo</span> <span class='ocrx_word' id='word_1_111' title='bbox 1534 1713 1905 1786; x_wconf 82' lang='lat' dir='ltr'>notassem3</span> <span class='ocrx_word' id='word_1_112' title='bbox 1968 1726 2174 1786; x_wconf 90' lang='lat' dir='ltr'>nunc,</span> <span class='ocrx_word' id='word_1_113' title='bbox 2243 1726 2389 1768; x_wconf 89' lang='lat' dir='ltr'>cum</span> <span class='ocrx_word' id='word_1_114' title='bbox 2443 1726 2588 1769; x_wconf 89' lang='lat' dir='ltr'>sero</span> <span class='ocrx_word' id='word_1_115' title='bbox 2642 1705 2710 1769; x_wconf 92' lang='lat' dir='ltr'>id</span> <span class='ocrx_word' id='word_1_116' title='bbox 2769 1705 3182 1770; x_wconf 88' lang='lat' dir='ltr'>animadver-</span> 
     </span>
     <span class='ocr_line' id='line_1_14' title="bbox 595 1804 3185 1892; baseline -0.001 -21"><span class='ocrx_word' id='word_1_117' title='bbox 595 1807 820 1888; x_wconf 86' lang='lat' dir='ltr'>terim,</span> <span class='ocrx_word' id='word_1_118' title='bbox 864 1806 946 1870; x_wconf 95' lang='lat' dir='ltr'>ob</span> <span class='ocrx_word' id='word_1_119' title='bbox 981 1804 1050 1869; x_wconf 92' lang='lat' dir='ltr'>id</span> <span class='ocrx_word' id='word_1_120' title='bbox 1084 1826 1284 1869; x_wconf 90' lang='lat' dir='ltr'>unum</span> <span class='ocrx_word' id='word_1_121' title='bbox 1316 1806 1731 1892; x_wconf 88' lang='lat' dir='ltr'>aliquatenus</span> <span class='ocrx_word' id='word_1_122' title='bbox 1764 1805 2180 1869; x_wconf 87' lang='lat' dir='ltr'>excusandus</span> <span class='ocrx_word' id='word_1_123' title='bbox 2229 1805 2435 1892; x_wconf 76' lang='lat' dir='ltr'>quod,</span> <span class='ocrx_word' id='word_1_124' title='bbox 2479 1814 2792 1891; x_wconf 89' lang='lat' dir='ltr'>quantum</span> <span class='ocrx_word' id='word_1_125' title='bbox 2824 1809 2960 1872; x_wconf 88' lang='lat' dir='ltr'>scio</span> <span class='ocrx_word' id='word_1_126' title='bbox 2977 1856 2996 1888; x_wconf 90' lang='lat'>,</span> <span class='ocrx_word' id='word_1_127' title='bbox 3048 1808 3185 1870; x_wconf 86' lang='lat' dir='ltr'>ani·</span> 
     </span>
     <span class='ocr_line' id='line_1_15' title="bbox 600 1902 3185 1994; baseline 0 -24"><span class='ocrx_word' id='word_1_128' title='bbox 600 1907 1060 1973; x_wconf 86' lang='lat' dir='ltr'>madverterim</span> <span class='ocrx_word' id='word_1_129' title='bbox 1105 1908 1374 1994; x_wconf 78' lang='lat' dir='ltr'>primuS,</span> <span class='ocrx_word' id='word_1_130' title='bbox 1420 1902 1616 1970; x_wconf 79' lang='lat' dir='ltr'>liuius</span> <span class='ocrx_word' id='word_1_131' title='bbox 1657 1908 2056 1992; x_wconf 86' lang='lat' dir='ltr'>quaestionis</span> <span class='ocrx_word' id='word_1_132' title='bbox 2099 1908 2406 1971; x_wconf 86' lang='lat' dir='ltr'>minutias</span> <span class='ocrx_word' id='word_1_133' title='bbox 2443 1907 2617 1972; x_wconf 89' lang='lat' dir='ltr'>haud</span> <span class='ocrx_word' id='word_1_134' title='bbox 2652 1907 2914 1994; x_wconf 86' lang='lat' dir='ltr'>quidem</span> <span class='ocrx_word' id='word_1_135' title='bbox 2959 1930 3185 1971; x_wconf 83' lang='lat' dir='ltr'>omncs</span> 
     </span>
     <span class='ocr_line' id='line_1_16' title="bbox 570 2006 3183 2096; baseline -0.001 -22"><span class='ocrx_word' id='word_1_136' title='bbox 570 2009 1020 2091; x_wconf 78' lang='lat' dir='ltr'>exhauriam,</span> <span class='ocrx_word' id='word_1_137' title='bbox 1076 2008 1147 2073; x_wconf 92' lang='lat' dir='ltr'>id</span> <span class='ocrx_word' id='word_1_138' title='bbox 1207 2019 1422 2073; x_wconf 88' lang='lat' dir='ltr'>tamen</span> <span class='ocrx_word' id='word_1_139' title='bbox 1467 2006 1777 2090; x_wconf 86' lang='lat' dir='ltr'>enotabo,</span> <span class='ocrx_word' id='word_1_140' title='bbox 1832 2029 1962 2073; x_wconf 91' lang='lat' dir='ltr'>uno</span> <span class='ocrx_word' id='word_1_141' title='bbox 2006 2008 2391 2073; x_wconf 87' lang='lat' dir='ltr'>emblemate</span> <span class='ocrx_word' id='word_1_142' title='bbox 2428 2013 2467 2090; x_wconf 68' lang='grc' dir='ltr'>ξ</span> <span class='ocrx_word' id='word_1_143' title='bbox 2507 2012 2615 2073; x_wconf 90' lang='grc'>171</span> <span class='ocrx_word' id='word_1_144' title='bbox 2651 2033 2711 2096; x_wconf 92' lang='lat' dir='ltr'>p.</span> <span class='ocrx_word' id='word_1_145' title='bbox 2747 2011 2892 2092; x_wconf 86' lang='lat'>286,</span> <span class='ocrx_word' id='word_1_146' title='bbox 2938 2014 3010 2071; x_wconf 85' lang='lat'>10</span> <span class='ocrx_word' id='word_1_147' title='bbox 3043 2032 3183 2095; x_wconf 87' lang='lat' dir='ltr'>sqq.</span> 
     </span>
     <span class='ocr_line' id='line_1_17' title="bbox 599 2109 3185 2198; baseline 0 -23"><span class='ocrx_word' id='word_1_148' title='bbox 599 2119 874 2198; x_wconf 88' lang='lat' dir='ltr'>excepto</span> <span class='ocrx_word' id='word_1_149' title='bbox 924 2109 1335 2196; x_wconf 73' lang='lat' dir='ltr'>alphabetico</span> <span class='ocrx_word' id='word_1_150' title='bbox 1377 2110 1680 2174; x_wconf 89' lang='lat' dir='ltr'>ordinata</span> <span class='ocrx_word' id='word_1_151' title='bbox 1738 2109 1901 2174; x_wconf 87' lang='lat' dir='ltr'>haec</span> <span class='ocrx_word' id='word_1_152' title='bbox 1952 2110 2232 2196; x_wconf 89' lang='lat' dir='ltr'>primum</span> <span class='ocrx_word' id='word_1_153' title='bbox 2286 2109 2638 2198; x_wconf 90' lang='lat' dir='ltr'>procedere</span> <span class='ocrx_word' id='word_1_154' title='bbox 2692 2110 2846 2175; x_wconf 89' lang='lat' dir='ltr'>inde</span> <span class='ocrx_word' id='word_1_155' title='bbox 2891 2131 2931 2173; x_wconf 91' lang='lat' dir='ltr'>a</span> <span class='ocrx_word' id='word_1_156' title='bbox 2977 2114 3018 2190; x_wconf 62' lang='grc' dir='ltr'>ξ</span> <span class='ocrx_word' id='word_1_157' title='bbox 3068 2114 3185 2175; x_wconf 83' lang='grc'>158</span> 
     </span>
     <span class='ocr_line' id='line_1_18' title="bbox 600 2209 3187 2298; baseline -0.001 -22"><span class='ocrx_word' id='word_1_158' title='bbox 600 2234 806 2298; x_wconf 91' lang='lat' dir='ltr'>usque</span> <span class='ocrx_word' id='word_1_159' title='bbox 853 2212 937 2276; x_wconf 89' lang='lat' dir='ltr'>ad</span> <span class='ocrx_word' id='word_1_160' title='bbox 980 2212 1109 2287; x_wconf 68' lang='lat' dir='ltr'>‘eis</span> <span class='ocrx_word' id='word_1_161' title='bbox 1150 2232 1269 2298; x_wconf 92' lang='lat' dir='ltr'>pro</span> <span class='ocrx_word' id='word_1_162' title='bbox 1315 2209 1426 2275; x_wconf 82' lang='grc' dir='ltr'>ἐν’</span> <span class='ocrx_word' id='word_1_163' title='bbox 1476 2217 1516 2293; x_wconf 64' lang='grc' dir='ltr'>ξ</span> <span class='ocrx_word' id='word_1_164' title='bbox 1570 2215 1686 2277; x_wconf 84' lang='grc'>184</span> <span class='ocrx_word' id='word_1_165' title='bbox 1731 2234 1851 2297; x_wconf 91' lang='lat' dir='ltr'>sq.,</span> <span class='ocrx_word' id='word_1_166' title='bbox 1893 2222 2029 2274; x_wconf 86' lang='lat' dir='ltr'>tum</span> <span class='ocrx_word' id='word_1_167' title='bbox 2070 2233 2228 2276; x_wconf 90' lang='lat' dir='ltr'>vero</span> <span class='ocrx_word' id='word_1_168' title='bbox 2285 2211 2368 2275; x_wconf 86' lang='lat' dir='ltr'>ab</span> <span class='ocrx_word' id='word_1_169' title='bbox 2408 2212 2553 2297; x_wconf 85' lang='lat' dir='ltr'>ipsa</span> <span class='ocrx_word' id='word_1_170' title='bbox 2607 2211 2731 2275; x_wconf 87' lang='lat' dir='ltr'>hac</span> <span class='ocrx_word' id='word_1_171' title='bbox 2774 2211 3187 2298; x_wconf 81' lang='lat' dir='ltr'>paragrapho</span> 
     </span>
     <span class='ocr_line' id='line_1_19' title="bbox 612 2312 3185 2398; baseline 0 -23"><span class='ocrx_word' id='word_1_172' title='bbox 612 2315 727 2378; x_wconf 83' lang='lat'>185</span> <span class='ocrx_word' id='word_1_173' title='bbox 776 2312 1084 2395; x_wconf 86' lang='lat' dir='ltr'>alteram,</span> <span class='ocrx_word' id='word_1_174' title='bbox 1130 2321 1204 2377; x_wconf 90' lang='lat' dir='ltr'>ut</span> <span class='ocrx_word' id='word_1_175' title='bbox 1244 2312 1527 2377; x_wconf 90' lang='lat' dir='ltr'>technici</span> <span class='ocrx_word' id='word_1_176' title='bbox 1573 2313 1793 2378; x_wconf 89' lang='lat' dir='ltr'>dicere</span> <span class='ocrx_word' id='word_1_177' title='bbox 1834 2312 2073 2393; x_wconf 86' lang='lat' dir='ltr'>solent,</span> <span class='ocrx_word' id='word_1_178' title='bbox 2135 2313 2574 2377; x_wconf 87' lang='lat' dir='ltr'>redactionem</span> <span class='ocrx_word' id='word_1_179' title='bbox 2623 2313 2853 2376; x_wconf 87' lang='lat' dir='ltr'>literae</span> <span class='ocrx_word' id='word_1_180' title='bbox 2895 2336 2937 2374; x_wconf 86' lang='grc' dir='ltr'><em>α</em></span> <span class='ocrx_word' id='word_1_181' title='bbox 2980 2315 3185 2398; x_wconf 88' lang='lat' dir='ltr'>sequi,</span> 
     </span>
     <span class='ocr_line' id='line_1_20' title="bbox 599 2408 3186 2529; baseline -0 -50"><span class='ocrx_word' id='word_1_182' title='bbox 599 2423 666 2479; x_wconf 86' lang='lat' dir='ltr'>et</span> <span class='ocrx_word' id='word_1_183' title='bbox 720 2414 931 2502; x_wconf 86' lang='lat' dir='ltr'>ipsam</span> <span class='ocrx_word' id='word_1_184' title='bbox 989 2436 1030 2477; x_wconf 89' lang='lat' dir='ltr'>a</span> <span class='ocrx_word' id='word_1_185' title='bbox 1087 2435 1230 2478; x_wconf 86' lang='lat' dir='ltr'>voc.</span> <span class='ocrx_word' id='word_1_186' title='bbox 1274 2408 1731 2479; x_wconf 76' lang='grc' dir='ltr'><em>αἰσθάνεσθαι</em></span> <span class='ocrx_word' id='word_1_187' title='bbox 1790 2414 2247 2529; x_wconf 59' lang='lat' dir='ltr'>incipientem3</span> <span class='ocrx_word' id='word_1_188' title='bbox 2309 2413 2578 2478; x_wconf 87' lang='lat' dir='ltr'>alterius</span> <span class='ocrx_word' id='word_1_189' title='bbox 2637 2436 2796 2478; x_wconf 87' lang='lat' dir='ltr'>vero</span> <span class='ocrx_word' id='word_1_190' title='bbox 2855 2413 3186 2478; x_wconf 84' lang='lat' dir='ltr'>huius-re-</span> 
     </span>
     <span class='ocr_line' id='line_1_21' title="bbox 602 2513 3188 2598; baseline -0.001 -17"><span class='ocrx_word' id='word_1_191' title='bbox 602 2516 926 2581; x_wconf 89' lang='lat' dir='ltr'>dactionis</span> <span class='ocrx_word' id='word_1_192' title='bbox 968 2516 1108 2581; x_wconf 85' lang='lat' dir='ltr'>fere</span> <span class='ocrx_word' id='word_1_193' title='bbox 1154 2516 1411 2591; x_wconf 89' lang='lat' dir='ltr'>initium</span> <span class='ocrx_word' id='word_1_194' title='bbox 1446 2514 1587 2582; x_wconf 91' lang='lat' dir='ltr'>loco</span> <span class='ocrx_word' id='word_1_195' title='bbox 1637 2516 1719 2581; x_wconf 90' lang='lat' dir='ltr'>de</span> <span class='ocrx_word' id='word_1_196' title='bbox 1759 2514 2185 2598; x_wconf 81' lang='grc' dir='ltr'><em>ἐπιδείκνυμι</em></span> <span class='ocrx_word' id='word_1_197' title='bbox 2228 2525 2293 2580; x_wconf 87' lang='lat' dir='ltr'>et</span> <span class='ocrx_word' id='word_1_198' title='bbox 2336 2513 2664 2597; x_wconf 80' lang='grc' dir='ltr'><em>ἐμποδίζω</em></span> <span class='ocrx_word' id='word_1_199' title='bbox 2707 2516 2878 2579; x_wconf 89' lang='lat' dir='ltr'>inter</span> <span class='ocrx_word' id='word_1_200' title='bbox 2921 2537 3104 2580; x_wconf 84' lang='lat' dir='ltr'>voce.</span> <span class='ocrx_word' id='word_1_201' title='bbox 3149 2537 3188 2578; x_wconf 89' lang='lat' dir='ltr'>a</span> 
     </span>
     <span class='ocr_line' id='line_1_22' title="bbox 601 2616 3187 2704; baseline 0 -24"><span class='ocrx_word' id='word_1_202' title='bbox 601 2616 792 2681; x_wconf 88' lang='lat' dir='ltr'>litera</span> <span class='ocrx_word' id='word_1_203' title='bbox 839 2640 883 2680; x_wconf 85' lang='grc' dir='ltr'>α</span> <span class='ocrx_word' id='word_1_204' title='bbox 929 2617 1312 2703; x_wconf 86' lang='lat' dir='ltr'>incipientia</span> <span class='ocrx_word' id='word_1_205' title='bbox 1356 2617 1602 2682; x_wconf 87' lang='lat' dir='ltr'>inserto</span> <span class='ocrx_word' id='word_1_206' title='bbox 1647 2622 1687 2699; x_wconf 62' lang='grc' dir='ltr'>ξ</span> <span class='ocrx_word' id='word_1_207' title='bbox 1720 2620 1840 2683; x_wconf 91' lang='grc'>188</span> <span class='ocrx_word' id='word_1_208' title='bbox 1874 2640 1970 2704; x_wconf 87' lang='lat' dir='ltr'>sq.</span> <span class='ocrx_word' id='word_1_209' title='bbox 2010 2617 2239 2682; x_wconf 87' lang='lat' dir='ltr'>eodem</span> <span class='ocrx_word' id='word_1_210' title='bbox 2281 2617 2420 2681; x_wconf 85' lang='lat' dir='ltr'>fere</span> <span class='ocrx_word' id='word_1_211' title='bbox 2463 2617 2653 2682; x_wconf 89' lang='lat' dir='ltr'>modo</span> <span class='ocrx_word' id='word_1_212' title='bbox 2697 2617 3014 2699; x_wconf 83' lang='lat' dir='ltr'>turbatur,</span> <span class='ocrx_word' id='word_1_213' title='bbox 3060 2639 3187 2703; x_wconf 90' lang='lat' dir='ltr'>quo</span> 
     </span>
     <span class='ocr_line' id='line_1_23' title="bbox 600 2717 3188 2804; baseline -0 -23"><span class='ocrx_word' id='word_1_214' title='bbox 600 2717 669 2781; x_wconf 90' lang='lat' dir='ltr'>in</span> <span class='ocrx_word' id='word_1_215' title='bbox 714 2717 927 2782; x_wconf 86' lang='lat' dir='ltr'>fronte</span> <span class='ocrx_word' id='word_1_216' title='bbox 972 2718 1169 2782; x_wconf 84' lang='lat' dir='ltr'>totius</span> <span class='ocrx_word' id='word_1_217' title='bbox 1223 2717 1418 2782; x_wconf 89' lang='lat' dir='ltr'>huius</span> <span class='ocrx_word' id='word_1_218' title='bbox 1463 2718 1748 2804; x_wconf 85' lang='lat' dir='ltr'>catalogi</span> <span class='ocrx_word' id='word_1_219' title='bbox 1811 2719 1993 2782; x_wconf 89' lang='lat' dir='ltr'>locus</span> <span class='ocrx_word' id='word_1_220' title='bbox 2039 2718 2411 2788; x_wconf 85' lang='lat' dir='ltr'>simillimus</span> <span class='ocrx_word' id='word_1_221' title='bbox 2471 2719 2540 2782; x_wconf 92' lang='lat' dir='ltr'>in</span> <span class='ocrx_word' id='word_1_222' title='bbox 2599 2717 2787 2780; x_wconf 89' lang='lat' dir='ltr'>libris</span> <span class='ocrx_word' id='word_1_223' title='bbox 2834 2718 3188 2783; x_wconf 85' lang='lat' dir='ltr'>collocatus</span> 
     </span>
     <span class='ocr_line' id='line_1_24' title="bbox 601 2819 3188 2908; baseline 0 -25"><span class='ocrx_word' id='word_1_224' title='bbox 601 2828 721 2883; x_wconf 91' lang='lat' dir='ltr'>est.</span> <span class='ocrx_word' id='word_1_225' title='bbox 813 2819 1084 2901; x_wconf 91' lang='lat' dir='ltr'>deinde,</span> <span class='ocrx_word' id='word_1_226' title='bbox 1141 2821 1436 2908; x_wconf 87' lang='lat' dir='ltr'>exceptis</span> <span class='ocrx_word' id='word_1_227' title='bbox 1491 2822 1722 2908; x_wconf 89' lang='lat' dir='ltr'>paucis</span> <span class='ocrx_word' id='word_1_228' title='bbox 1781 2820 2177 2905; x_wconf 87' lang='lat' dir='ltr'>quibusdam</span> <span class='ocrx_word' id='word_1_229' title='bbox 2255 2819 2571 2905; x_wconf 86' lang='lat' dir='ltr'>exemplis</span> <span class='ocrx_word' id='word_1_230' title='bbox 2650 2821 2796 2897; x_wconf 78' lang='lat' dir='ltr'>sive</span> <span class='ocrx_word' id='word_1_231' title='bbox 2853 2820 2936 2884; x_wconf 92' lang='lat' dir='ltr'>ob</span> <span class='ocrx_word' id='word_1_232' title='bbox 2983 2831 3188 2905; x_wconf 76' lang='lat' dir='ltr'>&#39;argu-</span> 
     </span>
     <span class='ocr_line' id='line_1_25' title="bbox 601 2920 3188 3008; baseline 0 -25"><span class='ocrx_word' id='word_1_233' title='bbox 601 2921 803 2984; x_wconf 90' lang='lat' dir='ltr'>menti</span> <span class='ocrx_word' id='word_1_234' title='bbox 847 2920 1343 2985; x_wconf 88' lang='lat' dir='ltr'>similitudinem</span> <span class='ocrx_word' id='word_1_235' title='bbox 1387 2921 1472 2986; x_wconf 90' lang='lat' dir='ltr'>ab</span> <span class='ocrx_word' id='word_1_236' title='bbox 1518 2923 1663 3008; x_wconf 89' lang='lat' dir='ltr'>ipso</span> <span class='ocrx_word' id='word_1_237' title='bbox 1702 2921 2041 2986; x_wconf 89' lang='lat' dir='ltr'>Prisciano</span> <span class='ocrx_word' id='word_1_238' title='bbox 2096 2921 2362 2985; x_wconf 88' lang='lat' dir='ltr'>insertis</span> <span class='ocrx_word' id='word_1_239' title='bbox 2424 2922 2563 2985; x_wconf 88' lang='lat' dir='ltr'>sive</span> <span class='ocrx_word' id='word_1_240' title='bbox 2609 2943 2650 2984; x_wconf 88' lang='lat' dir='ltr'>a</span> <span class='ocrx_word' id='word_1_241' title='bbox 2693 2920 2916 2986; x_wconf 87' lang='lat' dir='ltr'>sciolis</span> <span class='ocrx_word' id='word_1_242' title='bbox 2962 2921 3188 3006; x_wconf 86' lang='lat' dir='ltr'>agglu-</span> 
     </span>
     <span class='ocr_line' id='line_1_26' title="bbox 599 3021 3190 3109; baseline 0.001 -25"><span class='ocrx_word' id='word_1_243' title='bbox 599 3021 824 3084; x_wconf 85' lang='lat' dir='ltr'>tinatis</span> <span class='ocrx_word' id='word_1_244' title='bbox 867 3022 1038 3086; x_wconf 90' lang='lat' dir='ltr'>iusto</span> <span class='ocrx_word' id='word_1_245' title='bbox 1097 3022 1326 3087; x_wconf 90' lang='lat' dir='ltr'>ordine</span> <span class='ocrx_word' id='word_1_246' title='bbox 1368 3026 1586 3088; x_wconf 88' lang='lat' dir='ltr'>omnia</span> <span class='ocrx_word' id='word_1_247' title='bbox 1638 3023 2038 3109; x_wconf 88' lang='lat' dir='ltr'>procedunt,</span> <span class='ocrx_word' id='word_1_248' title='bbox 2087 3023 2329 3108; x_wconf 89' lang='lat' dir='ltr'>partim</span> <span class='ocrx_word' id='word_1_249' title='bbox 2391 3022 2627 3087; x_wconf 89' lang='lat' dir='ltr'>iisdem</span> <span class='ocrx_word' id='word_1_250' title='bbox 2675 3023 3019 3088; x_wconf 86' lang='lat' dir='ltr'>vocabulis</span> <span class='ocrx_word' id='word_1_251' title='bbox 3071 3023 3190 3087; x_wconf 88' lang='lat' dir='ltr'>ibi-</span> 
     </span>
     <span class='ocr_line' id='line_1_27' title="bbox 601 3122 3189 3211; baseline 0 -24"><span class='ocrx_word' id='word_1_252' title='bbox 601 3122 878 3210; x_wconf 89' lang='lat' dir='ltr'>demque</span> <span class='ocrx_word' id='word_1_253' title='bbox 920 3123 1162 3210; x_wconf 87' lang='lat' dir='ltr'>passim</span> <span class='ocrx_word' id='word_1_254' title='bbox 1207 3123 1442 3189; x_wconf 89' lang='lat' dir='ltr'>iisdem</span> <span class='ocrx_word' id='word_1_255' title='bbox 1479 3125 1798 3211; x_wconf 90' lang='lat' dir='ltr'>exemplis</span> <span class='ocrx_word' id='word_1_256' title='bbox 1843 3125 2173 3210; x_wconf 76' lang='lat' dir='ltr'>repetitiS,</span> <span class='ocrx_word' id='word_1_257' title='bbox 2228 3125 2467 3211; x_wconf 89' lang='lat' dir='ltr'>partim</span> <span class='ocrx_word' id='word_1_258' title='bbox 2512 3125 2703 3190; x_wconf 86' lang='lat' dir='ltr'>novis</span> <span class='ocrx_word' id='word_1_259' title='bbox 2746 3134 2811 3189; x_wconf 91' lang='lat' dir='ltr'>et</span> <span class='ocrx_word' id='word_1_260' title='bbox 2850 3123 3189 3190; x_wconf 85' lang='lat' dir='ltr'>vocabulis</span> 
     </span>
     <span class='ocr_line' id='line_1_28' title="bbox 604 3223 3190 3313; baseline 0 -25"><span class='ocrx_word' id='word_1_261' title='bbox 604 3232 667 3288; x_wconf 90' lang='lat' dir='ltr'>et</span> <span class='ocrx_word' id='word_1_262' title='bbox 706 3223 1026 3311; x_wconf 85' lang='lat' dir='ltr'>exemplis</span> <span class='ocrx_word' id='word_1_263' title='bbox 1081 3224 1363 3309; x_wconf 88' lang='lat' dir='ltr'>additis,</span> <span class='ocrx_word' id='word_1_264' title='bbox 1415 3248 1624 3312; x_wconf 90' lang='lat' dir='ltr'>usque</span> <span class='ocrx_word' id='word_1_265' title='bbox 1671 3225 1756 3289; x_wconf 89' lang='lat' dir='ltr'>ad</span> <span class='ocrx_word' id='word_1_266' title='bbox 1803 3230 1842 3307; x_wconf 68' lang='grc' dir='ltr'>ξ</span> <span class='ocrx_word' id='word_1_267' title='bbox 1900 3229 2040 3290; x_wconf 83' lang='grc'><strong>197.</strong></span> <span class='ocrx_word' id='word_1_268' title='bbox 2130 3235 2198 3290; x_wconf 88' lang='lat' dir='ltr'>at</span> <span class='ocrx_word' id='word_1_269' title='bbox 2238 3229 2281 3303; x_wconf 59' lang='grc' dir='ltr'><strong><em>ὃ</em></strong></span> <span class='ocrx_word' id='word_1_270' title='bbox 2330 3227 2450 3289; x_wconf 87' lang='grc'>198</span> <span class='ocrx_word' id='word_1_271' title='bbox 2502 3226 2686 3313; x_wconf 86' lang='lat' dir='ltr'>ipsae</span> <span class='ocrx_word' id='word_1_272' title='bbox 2737 3225 2889 3290; x_wconf 86' lang='lat' dir='ltr'>illae</span> <span class='ocrx_word' id='word_1_273' title='bbox 2934 3225 3014 3288; x_wconf 91' lang='lat' dir='ltr'>de</span> <span class='ocrx_word' id='word_1_274' title='bbox 3060 3227 3190 3299; x_wconf 61' lang='grc' dir='ltr'>εεἰς</span> 
     </span>
     <span class='ocr_line' id='line_1_29' title="bbox 601 3323 3185 3413; baseline 0 -24"><span class='ocrx_word' id='word_1_275' title='bbox 601 3348 718 3412; x_wconf 88' lang='lat' dir='ltr'>pro</span> <span class='ocrx_word' id='word_1_276' title='bbox 763 3323 869 3388; x_wconf 80' lang='grc' dir='ltr'>ἐν’</span> <span class='ocrx_word' id='word_1_277' title='bbox 931 3326 1327 3413; x_wconf 85' lang='lat' dir='ltr'>paragraphi</span> <span class='ocrx_word' id='word_1_278' title='bbox 1373 3332 1442 3409; x_wconf 63' lang='grc' dir='ltr'>(ξ</span> <span class='ocrx_word' id='word_1_279' title='bbox 1495 3329 1611 3390; x_wconf 86' lang='grc'>184</span> <span class='ocrx_word' id='word_1_280' title='bbox 1658 3330 1787 3413; x_wconf 88' lang='lat' dir='ltr'>sq.)</span> <span class='ocrx_word' id='word_1_281' title='bbox 1829 3326 2222 3391; x_wconf 87' lang='lat' dir='ltr'>verbotenus</span> <span class='ocrx_word' id='word_1_282' title='bbox 2274 3328 2413 3391; x_wconf 89' lang='lat' dir='ltr'>fere</span> <span class='ocrx_word' id='word_1_283' title='bbox 2468 3336 2872 3413; x_wconf 86' lang='lat' dir='ltr'>repetuntur.</span> <span class='ocrx_word' id='word_1_284' title='bbox 2945 3335 3185 3390; x_wconf 86' lang='lat' dir='ltr'>utram·</span> 
     </span>
     <span class='ocr_line' id='line_1_30' title="bbox 603 3425 3191 3515; baseline 0.001 -26"><span class='ocrx_word' id='word_1_285' title='bbox 603 3449 729 3513; x_wconf 91' lang='lat' dir='ltr'>que</span> <span class='ocrx_word' id='word_1_286' title='bbox 783 3425 963 3489; x_wconf 89' lang='lat' dir='ltr'>illam</span> <span class='ocrx_word' id='word_1_287' title='bbox 1028 3426 1258 3491; x_wconf 87' lang='lat' dir='ltr'>literae</span> <span class='ocrx_word' id='word_1_288' title='bbox 1300 3451 1344 3491; x_wconf 84' lang='grc' dir='ltr'>α</span> <span class='ocrx_word' id='word_1_289' title='bbox 1395 3428 1840 3493; x_wconf 88' lang='lat' dir='ltr'>redactionem</span> <span class='ocrx_word' id='word_1_290' title='bbox 1892 3427 1976 3508; x_wconf 78' lang='lat' dir='ltr'>ab</span> <span class='ocrx_word' id='word_1_291' title='bbox 2034 3427 2175 3514; x_wconf 89' lang='lat' dir='ltr'>ipso</span> <span class='ocrx_word' id='word_1_292' title='bbox 2232 3427 2570 3493; x_wconf 89' lang='lat' dir='ltr'>Prisciano</span> <span class='ocrx_word' id='word_1_293' title='bbox 2624 3428 2981 3515; x_wconf 88' lang='lat' dir='ltr'>profectam</span> <span class='ocrx_word' id='word_1_294' title='bbox 3047 3450 3191 3493; x_wconf 88' lang='lat' dir='ltr'>esse</span> 
     </span>
     <span class='ocr_line' id='line_1_31' title="bbox 602 3527 3189 3615; baseline 0 -23"><span class='ocrx_word' id='word_1_295' title='bbox 602 3550 734 3593; x_wconf 91' lang='lat' dir='ltr'>non</span> <span class='ocrx_word' id='word_1_296' title='bbox 778 3537 876 3592; x_wconf 88' lang='lat' dir='ltr'>est</span> <span class='ocrx_word' id='word_1_297' title='bbox 920 3527 1095 3613; x_wconf 90' lang='lat' dir='ltr'>quod</span> <span class='ocrx_word' id='word_1_298' title='bbox 1122 3547 1406 3614; x_wconf 79' lang='lat' dir='ltr'>‘negem3</span> <span class='ocrx_word' id='word_1_299' title='bbox 1451 3528 1723 3593; x_wconf 90' lang='lat' dir='ltr'>alteram</span> <span class='ocrx_word' id='word_1_300' title='bbox 1767 3551 1926 3593; x_wconf 89' lang='lat' dir='ltr'>vero</span> <span class='ocrx_word' id='word_1_301' title='bbox 1970 3528 2161 3592; x_wconf 90' lang='lat' dir='ltr'>alteri</span> <span class='ocrx_word' id='word_1_302' title='bbox 2207 3530 2347 3593; x_wconf 87' lang='lat' dir='ltr'>sive</span> <span class='ocrx_word' id='word_1_303' title='bbox 2393 3530 2837 3594; x_wconf 86' lang='lat' dir='ltr'>emendandae</span> <span class='ocrx_word' id='word_1_304' title='bbox 2873 3531 3013 3594; x_wconf 89' lang='lat' dir='ltr'>sive</span> <span class='ocrx_word' id='word_1_305' title='bbox 3044 3552 3189 3615; x_wconf 88' lang='lat' dir='ltr'>sup-</span> 
     </span>
     <span class='ocr_line' id='line_1_32' title="bbox 601 3628 3189 3716; baseline 0.002 -25"><span class='ocrx_word' id='word_1_306' title='bbox 601 3628 879 3714; x_wconf 85' lang='lat' dir='ltr'>plendae</span> <span class='ocrx_word' id='word_1_307' title='bbox 922 3628 1317 3694; x_wconf 87' lang='lat' dir='ltr'>destinatam</span> <span class='ocrx_word' id='word_1_308' title='bbox 1359 3631 1575 3694; x_wconf 89' lang='lat' dir='ltr'>alieno</span> <span class='ocrx_word' id='word_1_309' title='bbox 1622 3629 1763 3694; x_wconf 93' lang='lat' dir='ltr'>loco</span> <span class='ocrx_word' id='word_1_310' title='bbox 1809 3629 2235 3714; x_wconf 83' lang='lat' dir='ltr'>inculcatam,</span> <span class='ocrx_word' id='word_1_311' title='bbox 2278 3638 2418 3696; x_wconf 87' lang='lat' dir='ltr'>tum</span> <span class='ocrx_word' id='word_1_312' title='bbox 2446 3653 2605 3695; x_wconf 87' lang='lat' dir='ltr'>vero</span> <span class='ocrx_word' id='word_1_313' title='bbox 2637 3630 2750 3695; x_wconf 93' lang='lat' dir='ltr'>illo</span> <span class='ocrx_word' id='word_1_314' title='bbox 2781 3630 2863 3695; x_wconf 91' lang='lat' dir='ltr'>de</span> <span class='ocrx_word' id='word_1_315' title='bbox 2908 3632 3042 3705; x_wconf 68' lang='grc' dir='ltr'>ἐἰς</span> <span class='ocrx_word' id='word_1_316' title='bbox 3071 3653 3189 3716; x_wconf 89' lang='lat' dir='ltr'>pro</span> 
     </span>
     <span class='ocr_line' id='line_1_33' title="bbox 601 3727 3189 3819; baseline 0 -25"><span class='ocrx_word' id='word_1_317' title='bbox 601 3728 711 3794; x_wconf 79' lang='grc' dir='ltr'>ἐν’</span> <span class='ocrx_word' id='word_1_318' title='bbox 765 3727 1041 3793; x_wconf 88' lang='lat' dir='ltr'>articulo</span> <span class='ocrx_word' id='word_1_319' title='bbox 1104 3733 1383 3817; x_wconf 88' lang='lat' dir='ltr'>repetito</span> <span class='ocrx_word' id='word_1_320' title='bbox 1437 3753 1584 3795; x_wconf 91' lang='lat' dir='ltr'>cum</span> <span class='ocrx_word' id='word_1_321' title='bbox 1639 3729 1912 3817; x_wconf 88' lang='lat' dir='ltr'>reliquis</span> <span class='ocrx_word' id='word_1_322' title='bbox 1980 3732 2395 3819; x_wconf 86' lang='lat' dir='ltr'>aliquatenus</span> <span class='ocrx_word' id='word_1_323' title='bbox 2465 3740 2990 3816; x_wconf 84' lang='lat' dir='ltr'>coagmentatam</span> <span class='ocrx_word' id='word_1_324' title='bbox 3045 3754 3189 3795; x_wconf 85' lang='lat' dir='ltr'>esse</span> 
     </span>
     <span class='ocr_line' id='line_1_34' title="bbox 601 3830 3189 3920; baseline -0 -24"><span class='ocrx_word' id='word_1_325' title='bbox 601 3852 860 3896; x_wconf 75' lang='lat' dir='ltr'>censeo,</span> <span class='ocrx_word' id='word_1_326' title='bbox 951 3830 1104 3895; x_wconf 90' lang='lat' dir='ltr'>inde</span> <span class='ocrx_word' id='word_1_327' title='bbox 1148 3852 1190 3894; x_wconf 89' lang='lat' dir='ltr'>a</span> <span class='ocrx_word' id='word_1_328' title='bbox 1225 3836 1264 3913; x_wconf 67' lang='grc' dir='ltr'>ξ</span> <span class='ocrx_word' id='word_1_329' title='bbox 1312 3835 1429 3899; x_wconf 90' lang='grc'>198</span> <span class='ocrx_word' id='word_1_330' title='bbox 1485 3853 1695 3919; x_wconf 91' lang='lat' dir='ltr'>usque</span> <span class='ocrx_word' id='word_1_331' title='bbox 1751 3834 1838 3897; x_wconf 86' lang='lat' dir='ltr'>ad</span> <span class='ocrx_word' id='word_1_332' title='bbox 1896 3833 2089 3899; x_wconf 88' lang='lat' dir='ltr'>finem</span> <span class='ocrx_word' id='word_1_333' title='bbox 2147 3835 2365 3899; x_wconf 89' lang='lat' dir='ltr'>omnia</span> <span class='ocrx_word' id='word_1_334' title='bbox 2423 3834 2771 3920; x_wconf 89' lang='lat' dir='ltr'>perpaucis</span> <span class='ocrx_word' id='word_1_335' title='bbox 2828 3832 3189 3899; x_wconf 82' lang='lat' dir='ltr'>corollariis</span> 
     </span>
     <span class='ocr_line' id='line_1_35' title="bbox 602 3932 3190 4021; baseline 0 -24"><span class='ocrx_word' id='word_1_336' title='bbox 602 3932 897 4019; x_wconf 88' lang='lat' dir='ltr'>exceptis</span> <span class='ocrx_word' id='word_1_337' title='bbox 938 3932 1276 3996; x_wconf 89' lang='lat' dir='ltr'>literarum</span> <span class='ocrx_word' id='word_1_338' title='bbox 1319 3933 1531 3997; x_wconf 89' lang='lat' dir='ltr'>ordini</span> <span class='ocrx_word' id='word_1_339' title='bbox 1572 3935 2004 4021; x_wconf 89' lang='lat' dir='ltr'>respondent,</span> <span class='ocrx_word' id='word_1_340' title='bbox 2046 3946 2122 4000; x_wconf 91' lang='lat' dir='ltr'>ut</span> <span class='ocrx_word' id='word_1_341' title='bbox 2163 3936 2270 4002; x_wconf 86' lang='lat' dir='ltr'>vel</span> <span class='ocrx_word' id='word_1_342' title='bbox 2314 3932 2736 4017; x_wconf 78' lang='grc' dir='ltr'><em>ἐπιδείκνυμι</em></span> <span class='ocrx_word' id='word_1_343' title='bbox 2765 3945 2830 4000; x_wconf 89' lang='lat' dir='ltr'>et</span> <span class='ocrx_word' id='word_1_344' title='bbox 2858 3933 3190 4017; x_wconf 75' lang='grc' dir='ltr'><em>ἐμποδίξω</em></span> 
     </span>
     <span class='ocr_line' id='line_1_36' title="bbox 603 4032 3189 4122; baseline -0 -23"><span class='ocrx_word' id='word_1_345' title='bbox 603 4038 774 4099; x_wconf 90' lang='lat' dir='ltr'>inter</span> <span class='ocrx_word' id='word_1_346' title='bbox 813 4033 1117 4120; x_wconf 89' lang='lat' dir='ltr'>exempla</span> <span class='ocrx_word' id='word_1_347' title='bbox 1150 4055 1190 4096; x_wconf 85' lang='lat' dir='ltr'>a</span> <span class='ocrx_word' id='word_1_348' title='bbox 1227 4032 1422 4098; x_wconf 86' lang='lat' dir='ltr'>litera</span> <span class='ocrx_word' id='word_1_349' title='bbox 1467 4058 1500 4098; x_wconf 84' lang='grc' dir='ltr'><em>ε</em></span> <span class='ocrx_word' id='word_1_350' title='bbox 1543 4037 1927 4122; x_wconf 91' lang='lat' dir='ltr'>incipientia</span> <span class='ocrx_word' id='word_1_351' title='bbox 1968 4038 2232 4102; x_wconf 89' lang='lat' dir='ltr'>tertium</span> <span class='ocrx_word' id='word_1_352' title='bbox 2269 4046 2648 4122; x_wconf 86' lang='lat' dir='ltr'>repetantur</span> <span class='ocrx_word' id='word_1_353' title='bbox 2689 4040 2729 4117; x_wconf 66' lang='grc' dir='ltr'>ξ</span> <span class='ocrx_word' id='word_1_354' title='bbox 2774 4040 2917 4101; x_wconf 86' lang='grc'><strong>206.</strong></span> <span class='ocrx_word' id='word_1_355' title='bbox 3007 4038 3189 4100; x_wconf 90' lang='lat' dir='ltr'>omit-</span> 
     </span>
     <span class='ocr_line' id='line_1_37' title="bbox 604 4127 3189 4224; baseline 0 -25"><span class='ocrx_word' id='word_1_356' title='bbox 604 4145 829 4202; x_wconf 87' lang='lat' dir='ltr'>tuntur</span> <span class='ocrx_word' id='word_1_357' title='bbox 883 4127 955 4201; x_wconf 82' lang='lat' dir='ltr'>in</span> <span class='ocrx_word' id='word_1_358' title='bbox 1010 4134 1417 4221; x_wconf 87' lang='lat' dir='ltr'>amplissima</span> <span class='ocrx_word' id='word_1_359' title='bbox 1448 4137 1571 4202; x_wconf 87' lang='lat' dir='ltr'>hac</span> <span class='ocrx_word' id='word_1_360' title='bbox 1616 4140 1785 4203; x_wconf 88' lang='lat' dir='ltr'>serie</span> <span class='ocrx_word' id='word_1_361' title='bbox 1828 4160 2012 4204; x_wconf 88' lang='lat' dir='ltr'>vocc.</span> <span class='ocrx_word' id='word_1_362' title='bbox 2059 4161 2099 4203; x_wconf 90' lang='lat' dir='ltr'>a</span> <span class='ocrx_word' id='word_1_363' title='bbox 2146 4137 2285 4216; x_wconf 65' lang='lat' dir='ltr'>g‘et</span> <span class='ocrx_word' id='word_1_364' title='bbox 2326 4157 2366 4199; x_wconf 89' lang='lat' dir='ltr'>a</span> <span class='ocrx_word' id='word_1_365' title='bbox 2414 4159 2458 4219; x_wconf 77' lang='grc' dir='ltr'><strong><em>ρ</em></strong></span> <span class='ocrx_word' id='word_1_366' title='bbox 2494 4135 2907 4224; x_wconf 78' lang='lat' dir='ltr'>incipientia,</span> <span class='ocrx_word' id='word_1_367' title='bbox 2971 4160 3012 4200; x_wconf 91' lang='grc' dir='ltr'><em>ν</em></span> <span class='ocrx_word' id='word_1_368' title='bbox 3052 4147 3115 4200; x_wconf 89' lang='lat' dir='ltr'>et</span> <span class='ocrx_word' id='word_1_369' title='bbox 3157 4138 3189 4214; x_wconf 82' lang='grc' dir='ltr'><strong><em>ξ</em></strong></span> 
     </span>
     <span class='ocr_line' id='line_1_38' title="bbox 604 4236 3191 4332; baseline 0.001 -31"><span class='ocrx_word' id='word_1_370' title='bbox 604 4237 883 4322; x_wconf 87' lang='lat' dir='ltr'>singulis</span> <span class='ocrx_word' id='word_1_371' title='bbox 930 4236 1250 4322; x_wconf 88' lang='lat' dir='ltr'>exemplis</span> <span class='ocrx_word' id='word_1_372' title='bbox 1308 4239 1521 4324; x_wconf 90' lang='lat' dir='ltr'>iisque</span> <span class='ocrx_word' id='word_1_373' title='bbox 1579 4241 1765 4326; x_wconf 88' lang='lat' dir='ltr'>quasi</span> <span class='ocrx_word' id='word_1_374' title='bbox 1809 4242 1880 4306; x_wconf 92' lang='lat' dir='ltr'>in</span> <span class='ocrx_word' id='word_1_375' title='bbox 1933 4242 2218 4305; x_wconf 80' lang='lat' dir='ltr'>transitu</span> <span class='ocrx_word' id='word_1_376' title='bbox 2275 4239 2551 4301; x_wconf 87' lang='lat' dir='ltr'>annexis</span> <span class='ocrx_word' id='word_1_377' title='bbox 2610 4239 3074 4332; x_wconf 85' lang='lat' dir='ltr'>profligantur,</span> <span class='ocrx_word' id='word_1_378' title='bbox 3118 4248 3191 4303; x_wconf 87' lang='lat' dir='ltr'>ut</span> 
     </span>
     <span class='ocr_line' id='line_1_39' title="bbox 605 4338 3186 4428; baseline 0 -25"><span class='ocrx_word' id='word_1_379' title='bbox 605 4338 722 4403; x_wconf 87' lang='lat' dir='ltr'>vix</span> <span class='ocrx_word' id='word_1_380' title='bbox 790 4338 1214 4421; x_wconf 88' lang='lat' dir='ltr'>crediderim,</span> <span class='ocrx_word' id='word_1_381' title='bbox 1286 4340 1626 4428; x_wconf 83' lang='lat' dir='ltr'>archetypi</span> <span class='ocrx_word' id='word_1_382' title='bbox 1672 4341 2033 4424; x_wconf 85' lang='lat' dir='ltr'>librarium,</span> <span class='ocrx_word' id='word_1_383' title='bbox 2102 4361 2251 4404; x_wconf 91' lang='lat' dir='ltr'>cum</span> <span class='ocrx_word' id='word_1_384' title='bbox 2308 4339 2476 4405; x_wconf 88' lang='lat' dir='ltr'>forte</span> <span class='ocrx_word' id='word_1_385' title='bbox 2539 4340 2810 4405; x_wconf 76' lang='lat' dir='ltr'>fortuito</span> <span class='ocrx_word' id='word_1_386' title='bbox 2860 4340 2946 4405; x_wconf 92' lang='lat' dir='ltr'>ad</span> <span class='ocrx_word' id='word_1_387' title='bbox 3008 4362 3186 4414; x_wconf 77' lang='lat' dir='ltr'>vocc.</span> 
     </span>
     <span class='ocr_line' id='line_1_40' title="bbox 602 4433 2801 4527; baseline 0 -23"><span class='ocrx_word' id='word_1_388' title='bbox 602 4433 1066 4522; x_wconf 48' lang='grc' dir='ltr'>’χορτάζομαμ</span> <span class='ocrx_word' id='word_1_389' title='bbox 1115 4442 1353 4506; x_wconf 86' lang='lat' dir='ltr'>satior&#39;</span> <span class='ocrx_word' id='word_1_390' title='bbox 1399 4440 1623 4527; x_wconf 87' lang='lat' dir='ltr'>ibique</span> <span class='ocrx_word' id='word_1_391' title='bbox 1671 4442 1757 4507; x_wconf 92' lang='lat' dir='ltr'>ad</span> <span class='ocrx_word' id='word_1_392' title='bbox 1798 4464 2063 4508; x_wconf 88' lang='lat' dir='ltr'>versum</span> <span class='ocrx_word' id='word_1_393' title='bbox 2107 4442 2293 4506; x_wconf 90' lang='lat' dir='ltr'>illum</span> <span class='ocrx_word' id='word_1_394' title='bbox 2336 4438 2801 4506; x_wconf 89' lang='lat' dir='ltr'>Terentianum</span> 
     </span>
    </p>

    <p class='ocr_par' dir='ltr' id='par_1_4' title="bbox 861 4541 2603 4629">
     <span class='ocr_line' id='line_1_41' title="bbox 861 4541 2603 4629; baseline 0.002 -25"><span class='ocrx_word' id='word_1_395' title='bbox 861 4541 975 4604; x_wconf 88' lang='lat' dir='ltr'>sed</span> <span class='ocrx_word' id='word_1_396' title='bbox 1027 4551 1369 4629; x_wconf 86' lang='lat' dir='ltr'>pestquam</span> <span class='ocrx_word' id='word_1_397' title='bbox 1420 4545 1597 4607; x_wconf 87' lang='lat' dir='ltr'>intus</span> <span class='ocrx_word' id='word_1_398' title='bbox 1645 4565 1788 4607; x_wconf 87' lang='lat' dir='ltr'>sum</span> <span class='ocrx_word' id='word_1_399' title='bbox 1835 4545 2123 4608; x_wconf 90' lang='lat' dir='ltr'>omnium</span> <span class='ocrx_word' id='word_1_400' title='bbox 2162 4565 2377 4608; x_wconf 89' lang='lat' dir='ltr'>rerum</span> <span class='ocrx_word' id='word_1_401' title='bbox 2421 4551 2603 4607; x_wconf 85' lang='lat' dir='ltr'>satur</span> 
     </span>
    </p>

    <p class='ocr_par' dir='ltr' id='par_1_5' title="bbox 601 4641 3191 4935">
     <span class='ocr_line' id='line_1_42' title="bbox 603 4641 3191 4728; baseline 0.001 -22"><span class='ocrx_word' id='word_1_402' title='bbox 603 4643 1045 4728; x_wconf 86' lang='lat' dir='ltr'>pervenisset,</span> <span class='ocrx_word' id='word_1_403' title='bbox 1090 4645 1308 4710; x_wconf 87' lang='lat' dir='ltr'>taedio</span> <span class='ocrx_word' id='word_1_404' title='bbox 1359 4652 1606 4709; x_wconf 83' lang='lat' dir='ltr'>motum</span> <span class='ocrx_word' id='word_1_405' title='bbox 1653 4644 1861 4709; x_wconf 88' lang='lat' dir='ltr'>literis</span> <span class='ocrx_word' id='word_1_406' title='bbox 1907 4653 1957 4720; x_wconf 79' lang='grc' dir='ltr'>φ</span> <span class='ocrx_word' id='word_1_407' title='bbox 1999 4651 2064 4708; x_wconf 88' lang='lat' dir='ltr'>et</span> <span class='ocrx_word' id='word_1_408' title='bbox 2104 4666 2156 4707; x_wconf 83' lang='grc' dir='ltr'>ω</span> <span class='ocrx_word' id='word_1_409' title='bbox 2197 4641 2453 4709; x_wconf 81' lang='lat' dir='ltr'>omissis</span> <span class='ocrx_word' id='word_1_410' title='bbox 2493 4644 2899 4727; x_wconf 86' lang='lat' dir='ltr'>substitisse,</span> <span class='ocrx_word' id='word_1_411' title='bbox 2947 4645 3064 4709; x_wconf 88' lang='lat' dir='ltr'>sed</span> <span class='ocrx_word' id='word_1_412' title='bbox 3103 4645 3191 4709; x_wconf 91' lang='lat' dir='ltr'>ad</span> 
     </span>
     <span class='ocr_line' id='line_1_43' title="bbox 601 4743 3188 4833; baseline 0.001 -26"><span class='ocrx_word' id='word_1_413' title='bbox 601 4745 815 4829; x_wconf 89' lang='lat' dir='ltr'>ipsum</span> <span class='ocrx_word' id='word_1_414' title='bbox 861 4743 1077 4830; x_wconf 89' lang='lat' dir='ltr'>potius</span> <span class='ocrx_word' id='word_1_415' title='bbox 1122 4744 1532 4809; x_wconf 88' lang='lat' dir='ltr'>Priscianum</span> <span class='ocrx_word' id='word_1_416' title='bbox 1576 4745 1867 4809; x_wconf 85' lang='lat' dir='ltr'>taedium</span> <span class='ocrx_word' id='word_1_417' title='bbox 1912 4744 2072 4809; x_wconf 92' lang='lat' dir='ltr'>illud</span> <span class='ocrx_word' id='word_1_418' title='bbox 2118 4745 2430 4828; x_wconf 85' lang='lat' dir='ltr'>referam,</span> <span class='ocrx_word' id='word_1_419' title='bbox 2490 4746 2664 4832; x_wconf 88' lang='lat' dir='ltr'>quod</span> <span class='ocrx_word' id='word_1_420' title='bbox 2709 4748 2852 4833; x_wconf 91' lang='lat' dir='ltr'>ipso</span> <span class='ocrx_word' id='word_1_421' title='bbox 2897 4745 3009 4809; x_wconf 90' lang='lat' dir='ltr'>illo</span> <span class='ocrx_word' id='word_1_422' title='bbox 3056 4746 3188 4810; x_wconf 90' lang='lat' dir='ltr'>lon-</span> 
     </span>
     <span class='ocr_line' id='line_1_44' title="bbox 601 4837 3187 4935; baseline 0.002 -28"><span class='ocrx_word' id='word_1_423' title='bbox 601 4837 845 4931; x_wconf 87' lang='lat' dir='ltr'>ginquo</span> <span class='ocrx_word' id='word_1_424' title='bbox 879 4842 1091 4910; x_wconf 87' lang='lat' dir='ltr'>labori</span> <span class='ocrx_word' id='word_1_425' title='bbox 1122 4845 1252 4911; x_wconf 88' lang='lat' dir='ltr'>fine</span> <span class='ocrx_word' id='word_1_426' title='bbox 1287 4847 1589 4933; x_wconf 88' lang='lat' dir='ltr'>imposito</span> <span class='ocrx_word' id='word_1_427' title='bbox 1617 4867 1749 4912; x_wconf 90' lang='lat' dir='ltr'>non</span> <span class='ocrx_word' id='word_1_428' title='bbox 1778 4846 1998 4912; x_wconf 89' lang='lat' dir='ltr'>minus</span> <span class='ocrx_word' id='word_1_429' title='bbox 2029 4846 2318 4913; x_wconf 88' lang='lat' dir='ltr'>dilucide</span> <span class='ocrx_word' id='word_1_430' title='bbox 2352 4849 2679 4935; x_wconf 87' lang='lat' dir='ltr'>expressit</span> <span class='ocrx_word' id='word_1_431' title='bbox 2716 4855 2919 4934; x_wconf 66' lang='lat' dir='ltr'>quam*</span> <span class='ocrx_word' id='word_1_432' title='bbox 2943 4846 3187 4912; x_wconf 86' lang='lat' dir='ltr'>codicis</span> 
     </span>
    </p>
   </div>
   <div class='ocr_carea' id='block_1_3' title="bbox 3565 0 3576 3528">
    <p class='ocr_par' dir='ltr' id='par_1_6' title="bbox 3565 0 3576 3528">
     <span class='ocr_line' id='line_1_45' title="bbox 3565 0 3576 3528; baseline 0 0"><span class='ocrx_word' id='word_1_433' title='bbox 3565 0 3576 3528; x_wconf 95' lang='lat' dir='ltr'> </span> 
     </span>
    </p>
   </div>
  </div>
 </body>
</html>
