3576 5595
891 1433 943 1486 R
992 1428 1185 1486 codex
1233 1429 1546 1486 Parisinus
1586 1434 1724 1489 7496

907 1533 958 1588 V
994 1529 1189 1588 codex
1237 1528 1558 1587 Leidensis
1606 1527 1943 1585 Vossianus
1997 1535 2077 1586 12.
2108 1537 2144 1587 8

891 1636 945 1689 Ρ
988 1630 1185 1689 codex
1231 1630 1544 1688 Parisinus
1585 1638 1725 1691 7530

893 1739 942 1790 A
988 1732 1184 1790 codex
1232 1732 1545 1789 Parisinus
1591 1740 1725 1794 7501

996 1856 1030 1892 α
1079 1833 1350 1893 eiusdem
1397 1832 1619 1890 codicis
1658 1851 1870 1889 manus
1917 1831 2188 1889 secunda

894 1940 950 1994 B
993 1936 1191 1994 codex
1236 1923 1568 1993 Vaticanus
1617 1932 2028 1990 bibliothecae
2075 1932 2443 2008 Reginensis
2495 1940 2625 1995 1709

899 2041 943 2094 S
994 2037 1185 2095 codex
1232 2035 1557 2094 Leidensis
1608 2035 1942 2093 Vossianus
1985 2046 2070 2096 33.
2099 2044 2132 2094 4

896 2144 933 2197 Ιι
996 2139 1398 2214 Hermogenis
1446 2145 1986 2215 progymnasmata

900 2262 935 2310 ς
991 2239 1290 2298 editiones
1339 2239 1740 2316 interpolatae
1793 2237 1890 2294 vel
1938 2257 2145 2295 omnes
2192 2237 2290 2294 vel
2348 2237 2589 2315 plureS,
2650 2256 2683 2291 e
2731 2233 2949 2314 quibus
3009 2231 3183 2290 adhi—

1172 2341 1336 2408 bitae
1387 2350 1528 2398 sunt
1574 2340 1710 2411 hae,

1003 2441 1190 2499 editio
1228 2443 1511 2520 princeps
1561 2439 1862 2522 (Veneta)
1911 2461 1966 2499 a.
2009 2449 2138 2504 1470

1004 2542 1189 2600 editio
1230 2545 1470 2602 Veneta
1516 2565 1568 2601 a.
1623 2551 1754 2606 1472

1006 2643 1193 2702 editio
1242 2645 1484 2703 Veneta
1530 2665 1584 2704 a.
1636 2653 1768 2707 1⁴92

1003 2745 1189 2804 editio
1235 2746 1619 2806 Ascensiana
1662 2745 1915 2805 Parisiis
1961 2766 2015 2804 a.
2073 2755 2205 2809 1516

1007 2848 1192 2905 editio
1235 2848 1468 2907 Aldina
1510 2850 1787 2908 Venetiis
1837 2868 1890 2907 a.
1942 2857 2073 2911 1527

746 2949 869 3006 ‘Ex
914 2949 1005 3007 his
1054 2950 1504 3027 exemplaribus
1551 2953 1611 3009 in
1657 2950 1933 3009 omnibus
1976 2950 2166 3009 tribus
2200 2950 2502 3008 Prisciani
2532 2949 2703 3008 libris
2741 2948 3018 3007 adhibita
3048 2958 3190 3007 sunt

601 3054 781 3122 RQ,
828 3053 888 3109 in
928 3051 1099 3113 libris
1145 3051 1223 3109 de
1268 3053 1477 3128 figuris
1522 3073 1906 3111 numerorum
1953 3062 2013 3110 et
2059 3051 2135 3111 de
2191 3052 2399 3110 metris
2442 3051 2721 3109 Terentii
2764 3055 2840 3123 A,
2902 3050 2959 3109 in
3017 3050 3187 3109 libris

601 3153 677 3211 de
722 3152 931 3228 figuris
976 3173 1360 3211 numerorum
1407 3162 1469 3210 et
1515 3152 1591 3211 de
1641 3154 2292 3231 praeexercitamentis
2336 3154 2656 3212 rhetoricis
2697 3158 2772 3227 Ρ,
2823 3154 2882 3211 in
2916 3152 3072 3210 libro
3109 3152 3187 3210 de

602 3254 1253 3332 praeexercitamentis
1297 3254 1618 3312 rhetoricis
1664 3258 1708 3311 S
1747 3264 1810 3311 et
1852 3258 1910 3315 la.
1977 3260 2297 3332 [Traeterea
2344 3275 2419 3314 ex
2468 3257 2512 3311 S
2552 3255 2613 3312 in
2659 3254 2812 3312 libro
2861 3254 2936 3312 de
2980 3254 3190 3331 figuris

602 3376 983 3413 numerorum
1026 3356 1237 3433 paucis
1283 3356 1434 3414 locis
1479 3353 1894 3433 discrepantia
1939 3340 2275 3434 scripturae
2320 3356 2632 3433 adscripta
2673 3366 2784 3414 est.
