3576 5595
537 401 655 462 1¹8
1215 400 1220 407 ’
1527 400 1893 462 ΙἪΙδῈΙΑΝΙ
1944 400 2129 463 ΙΝὸΤ.

638 533 679 571 p.
713 521 821 561 1⁰13.
853 520 900 559 u
933 520 979 559 r.
1659 554 1664 559 ,
2728 531 2768 568 μ.
2802 519 2861 560 ιι
2894 519 2939 557 15
2969 518 3022 558 κ.

533 591 761 654 eundae
808 609 1112 671 personae.
1210 585 1386 671 [ergo
1432 587 1637 649 tertiae
1681 598 1823 649 suut
1856 588 2096 650 nomina
2143 606 2451 669 personae.
2474 584 2494 671 ]
2589 588 2761 650 <wetha
2818 596 3013 650 autem
3070 593 3133 653 in

536 693 724 756 tribus
770 700 938 755 erant
980 691 1285 773 personiS,
1342 690 1591 769 ideoque
1635 690 2116 769 excogitabantur
2158 690 2506 772 pronomina
2552 690 2612 753 in
2656 709 2944 770 personas
2987 693 3135 754 deti·

538 797 690 858 nitas
763 795 1055 865 discreta,
1126 801 1192 854 ut
1258 801 1316 853 et
1372 793 1638 885 nominisx
1684 793 2040 873 positionem
2093 802 2153 855 et
2204 792 2364 853 verbi
2416 791 2879 865 ordinationem,
2930 794 2989 855 id
3041 804 3134 857 est

539 907 599 960 et
657 896 1050 960 substantiam
1105 905 1163 956 et
1220 894 1490 957 definitas
1543 914 1832 975 personas
1878 895 2236 968 indicarent,
2286 901 2351 955 ut
2403 896 2552 972 ‘ego
2599 892 2832 968 scribo,
2878 903 2941 956 tn
2986 894 3135 957 scriss

536 999 697 1063 bis':
756 1007 816 1060 et
866 997 1254 1061 substantiam
1313 998 1467 1059 enim
1521 998 1818 1075 significat
1870 998 2000 1059 loco
2058 996 2315 1058 nominis
2367 994 2627 1076 positum
2689 1015 3015 1076 pronomen
3073 1008 3135 1059 et
3165 1020 3193 1057 ι»

538 1083 854 1183 personam
900 1100 1077 1162 verbo
1119 1098 1230 1160 sibi
1281 1098 1556 1161 adiuncto
1601 1117 1922 1179 congruam
1968 1098 2215 1173 indicat;
2287 1098 2483 1176 itaque
2537 1098 2681 1159 nihil
2738 1098 3012 1178 prohibet
3072 1100 3132 1161 in

539 1204 708 1265 tertia
751 1221 1004 1284 persona
1050 1201 1245 1262 dicere
1302 1201 1710 1263 ‘Aristarchus
1753 1200 1892 1279 legit
1912 1206 1954 1273 ’,
2010 1200 2229 1281 quippe
2271 1218 2405 1261 cum
2445 1199 2597 1261 duae
2642 1200 2846 1262 tertiae
2889 1202 3137 1267 coniun-

542 1314 760 1385 guntur
801 1322 1107 1385 personae.
1197 1322 1315 1366 non
1371 1312 1568 1364 tamen
1622 1303 1758 1364 ideo
1803 1304 2007 1364 tertiae
2053 1301 2465 1383 pronominum
2507 1320 2797 1381 personae
2853 1321 3134 1384 superva-

542 1426 689 1470 cuae
733 1414 902 1479 snnt,
955 1406 1093 1485 quia
1138 1423 1456 1486 possumus
1496 1406 1556 1466 in
1604 1406 1771 1467 tertia
1821 1424 2073 1485 persona
2116 1422 2336 1485 ponere
2392 1404 2649 1465 nomina.
2738 1422 2920 1483 quare
2973 1407 3132 1484 ‘enim

541 1510 604 1572 in
653 1509 839 1572 tertiis
897 1509 1071 1570 etiam
1130 1507 1401 1589 personis
1459 1502 1834 1568 inveniuntur
1885 1507 2263 1587 pronomina,
2339 1506 2399 1567 in
2459 1505 2726 1586 partibus
2791 1508 3137 1571 ostendetur
3168 1529 3217 1568 ιο

449 1621 511 1670 17
549 1611 1051 1674 convenientibus.
1113 1629 1254 1688 ergo
1287 1609 1334 1670 si
1373 1628 1550 1689 supra
1584 1609 1736 1669 dicta
1776 1606 1784 1690 Ι
1827 1609 1976 1670 ratio
2017 1628 2149 1670 vera
2183 1619 2305 1681 est,
2338 1608 2709 1669 manifestum
2744 1617 2865 1682 est,
2912 1610 3068 1689 quod
3108 1611 3136 1690 n

546 1716 672 1777 iure
718 1713 1101 1795 praeponitur
1143 1712 1383 1774 verbum
1423 1712 1786 1791 pronomini,
1839 1713 1993 1791 quod
2040 1710 2196 1771 verbi
2243 1729 2478 1789 quoque
2523 1728 2699 1771 causa
2746 1712 3136 1791 excogitatum

548 1826 657 1877 est.
733 1815 837 1876 sed
878 1815 1035 1894 quod
1080 1823 1174 1875 est
1215 1814 1433 1883 maiuS,
1482 1813 1655 1874 verba
1701 1832 2119 1892 personarum,
2161 1831 2310 1891 quae
2356 1831 2462 1892 per
2507 1812 2925 1874 nominativum
2966 1814 3138 1876 intel-

545 1918 825 1995 leguntur
890 1925 947 1977 et
1018 1924 1158 1978 sunt
1221 1915 1567 1990 indicativa,
1629 1914 1896 1977 absolute
1961 1915 2345 1994 accipiuntur.
2435 1914 2536 1992 qui
2590 1914 2745 1975 enim
2799 1917 3142 1996 pronuntiat

545 2016 853 2080 ‘ambulo’
919 2016 1008 2077 vel
1059 2016 1368 2090 ‘scribo',
1435 2036 1554 2079 non
1629 2016 1700 2077 ad
1770 2015 2186 2078 discretionem
2255 2014 2495 2077 alterius
2558 2034 2849 2096 personae
2913 2018 3133 2081 definit.
3170 2037 3221 2077 ιι»

546 2118 896 2201 pronomina
959 2138 1094 2180 vero
1154 2118 1490 2179 nominativi
1565 2119 1786 2198 primae
1858 2126 1917 2179 et
1983 2118 2276 2180 secundae
2347 2137 2635 2199 personae
2693 2119 2767 2179 ad
2834 2119 3141 2181 discretio·

546 2241 680 2284 nem
738 2222 979 2283 alterius
1038 2239 1327 2301 personae
1381 2220 1704 2299 excogitata
1762 2229 1932 2293 sunt,
1984 2229 2046 2282 ιιῑ
2097 2220 2146 2282 si
2198 2220 2388 2282 dicam
2442 2222 2590 2299 ‘ego
2649 2221 2878 2294 scribo,
2937 2229 2999 2282 tu
3056 2222 3142 2283 le-
3214 2210 3219 2217 ’

546 2324 707 2403 gis’,
782 2323 868 2385 vel
939 2327 1082 2401 ‘ego
1152 2332 1210 2383 et
1281 2332 1342 2384 tu
1414 2322 1760 2395 scribimuS,
1831 2323 1929 2383 ine
2003 2323 2172 2400 legit,
2240 2332 2301 2383 tu
2381 2333 2440 2383 et
2504 2321 2599 2384 ine
2662 2323 2952 2394 scribitis,
3031 2343 3142 2401 ego

547 2426 679 2505 lego
698 2430 739 2499 ⁹,
794 2434 853 2486 et
896 2425 946 2486 si
988 2425 1178 2486 dicam
1216 2427 1360 2502 ‘ego
1405 2432 1465 2485 et
1505 2432 1566 2486 tu
1612 2425 2040 2503 intellegimus’
2098 2425 2241 2485 nihil
2299 2425 2556 2498 addenS,
2609 2425 2681 2487 ad
2729 2434 2956 2487 ceteras
3014 2446 3143 2487 om-

551 2546 657 2589 nes
711 2545 998 2608 personas
1048 2526 1420 2588 discernitur.
1517 2527 1628 2589 nisi
1686 2527 1840 2588 enim
1894 2526 2231 2588 discernere
2289 2527 2463 2588 aliam
2518 2546 2831 2608 personam
2878 2527 3142 2601 velimus,
3169 2544 3223 2584 eo

549 2649 670 2691 non
715 2648 866 2709 opus
909 2636 1000 2691 est
1043 2626 1379 2690 nominativi
1427 2648 1601 2690 casus
1647 2629 1995 2709 pronomina
2042 2629 2254 2691 addere
2293 2628 2504 2690 verbo:
2566 2628 2786 2708 obliqui
2842 2630 2998 2692 enim
3045 2650 3146 2691 ca-

551 2751 654 2793 sus
700 2730 1114 2813 pronominum
1160 2730 1315 2811 apud
1373 2730 1612 2792 Latinos
1666 2730 1920 2792 absoluti
1973 2740 2111 2793 sunt
2154 2750 2379 2792 omneS.
2414 2734 2439 2795 ⁶„
2473 2749 2607 2792 nam
2652 2732 2856 2792 Graeci
2903 2752 3147 2814 compo-

553 2834 731 2895 situm
802 2829 1059 2911 ἐμαυτοῦ
1138 2832 1406 2895 absolute
1485 2834 1718 2906 dicunt,
1783 2829 1930 2911 ἐμοῦ
1998 2822 2186 2894 αὐτοῦ
2252 2853 2389 2895 vero
2421 2814 2431 2825 ⁸
2464 2833 2805 2911 discretive,
2877 2836 3147 2898 similiter

453 2944 519 2995 18
554 2936 699 2998 aiios
744 2954 918 2998 casus
962 2935 1252 3014 obliquos
1342 2935 1590 2998 absoluti
1628 2946 1822 2998 autem
1867 2935 2172 3010 dicuntur,
2196 2915 2434 3016 'quibus
2471 2935 2608 2996 licet
2651 2945 2710 2998 et
2752 2939 2881 3000 sine
2923 2938 3146 3000 discre-

552 3037 710 3100 tione
774 3038 1019 3099 aliarum
1077 3039 1159 3100 uti
1232 3056 1619 3119 personarum
1685 3049 1743 3099 et
1809 3057 1941 3099 cum
2005 3038 2389 3100 discretione:
2442 3039 2569 3101 sine
2632 3039 3015 3113 discretione,
3083 3049 3148 3100 ut
3177 3057 3229 3095 2⁵
3302 3094 3310 3101 .

553 3140 666 3202 ‘da
723 3140 864 3201 mihi
924 3142 1197 3221 panem',
1257 3160 1330 3202 en
1383 3141 1495 3202 hoc
1550 3140 1770 3202 nnllam
1831 3140 2245 3202 discretionem
2307 3140 2483 3202 habet
2538 3141 2778 3203 alterius
2822 3161 3145 3222 personae;

552 3241 642 3304 sin
714 3250 909 3305 autem
992 3241 1182 3306 dicam
1246 3242 1359 3303 ‘da
1435 3242 1577 3306 mihi
1648 3262 1894 3323 panem,
1968 3241 2048 3304 ini
2118 3251 2311 3305 autem
2382 3244 2650 3318 vinum’,
2730 3245 3144 3307 discretionem

691 3432 724 3498 t'
765 3461 888 3513 ergo
929 3448 1107 3497 tertiae
1142 3455 1259 3497 sunt
1299 3447 1503 3497 nomina
1540 3461 1790 3510 personae
1827 3447 1951 3499 add.
1980 3445 2324 3497 MODNSGL
2358 3457 2410 3498 et
2445 3449 2553 3499 alia
2588 3451 2835 3515 quaedam
2867 3466 2927 3499 m.
2966 3450 3015 3497 in
3051 3464 3145 3514 my.

552 3517 616 3574 R,
650 3533 743 3571 om.
784 3517 830 3568 R
866 3532 971 3567 cum
1007 3518 1277 3580 Apollonio
1315 3519 1347 3565 l.
1381 3519 1416 3569 1.
1456 3519 1472 3566 1
1512 3517 1544 3567 3
1573 3533 1627 3581 p.
1674 3515 1762 3576 13,
1811 3514 1907 3574 26,
1961 3533 2120 3582 neque
2156 3517 2278 3568 add.
2320 3535 2367 3577 r,
2415 3527 2471 3568 ut
2504 3533 2598 3568 non
2640 3519 2891 3582 arbitrer,
2938 3519 3002 3569 ab
3039 3521 3149 3582 ipso

560 3587 830 3638 Prisc-iano
867 3587 992 3637 haec
1021 3588 1226 3637 adiecta
1261 3602 1374 3636 esse
1514 3588 1546 3636 2
1582 3585 1839 3636 deffinitas
1864 3586 1927 3635 M
2064 3586 2096 3637 3
2136 3587 2186 3636 id
2226 3598 2301 3636 est
2339 3589 2673 3639 substantiam
2700 3589 2788 3640 Ito
2937 3590 2969 3639 4
3004 3588 3149 3639 derfl-

554 3708 689 3756 nitas
726 3707 792 3755 M
824 3689 845 3707 ⁶
945 3708 980 3757 5
1019 3681 1294 3769 mgmlicant
1332 3707 1409 3756 Rr
1549 3706 1580 3755 7
1617 3704 1935 3757 aristharcus
1972 3706 2069 3756 RD
2106 3707 2383 3758 aristarcus
2423 3726 2453 3757 r
2593 3712 2934 3775 coningantur
2969 3709 3011 3760 O

551 3779 585 3828 8
620 3775 751 3842 nou]
797 3791 890 3825 neo
925 3775 968 3824 S
1156 3777 1362 3841 tertiae]
1403 3793 1433 3824 r
1476 3776 1622 3824 tertia
1664 3777 1707 3826 R
1895 3777 1930 3828 9
1976 3778 2094 3840 quia
2132 3779 2255 3828 add.
2292 3794 2321 3826 r
2516 3780 2581 3830 10
2630 3782 2779 3830 etiem
2820 3782 2868 3830 io
2903 3782 3066 3830 tertiis
3103 3783 3155 3831 N

692 3850 966 3896 ueniuntur
1001 3845 1046 3895 lt
1079 3851 1288 3897 ueniunt
1329 3845 1578 3897 MDSGL
1617 3844 2011 3910 καταγίνονται
2048 3848 2285 3911 Apollon.
2322 3848 2356 3899 1.
2398 3849 2432 3899 l.
2477 3852 2494 3898 1
2533 3849 2565 3901 3
2596 3866 2651 3913 p.
2694 3852 2773 3908 14,
2810 3851 2871 3900 10
2905 3850 3008 3901 Bk.

552 3917 857 3983 pronomina
900 3916 1228 3965 inueniuntur
1263 3918 1304 3968 O
1480 3915 1814 3981 pronomina]
1851 3934 1881 3965 r
1914 3919 2121 3969 nomina
2158 3917 2204 3967 R
2369 3918 2683 3985 ostendetur]
2726 3921 2791 3970 M
2823 3937 2894 3971 ea.-
2925 3937 3083 3978 corr..
3122 3937 3152 3968 r

556 3987 855 4039 ostendatur
892 3986 938 4037 R
972 3987 1324 4038 ostenderetur
1356 3986 1420 4036 M
1443 4001 1529 4049 pr.
1700 3987 1759 4037 11
1804 3987 2129 4037 manifestum
2169 3988 2304 4051 qnod
2346 3988 2630 4040 MOSGLd
2794 3992 2852 4040 12
2890 3992 3150 4056 excogita-

557 4055 694 4194 tum]]
730 4073 760 4106 r
796 4072 922 4107 exco
962 4057 1084 4104 itata
1121 4057 1167 4106 R
1349 4057 1413 4108 13
1453 4056 1616 4107 maius
1652 4074 1722 4108 ex
1759 4058 1924 4124 magis
1959 4074 2098 4108 corr.
2140 4057 2184 4108 B
2358 4060 2417 4108 14
2456 4067 2503 4108 et
2541 4060 2770 4110 absolute
2806 4078 2837 4110 n
3002 4064 3151 4109 abso-

557 4129 659 4177 iute
737 4144 766 4176 r
813 4127 941 4178 absa
960 4134 1046 4176 ute
1080 4126 1127 4178 R
1165 4126 1403 4194 absolute
1439 4126 1480 4176 S
1649 4128 1713 4179 15
1752 4128 2109 4178 discretionem
2147 4144 2217 4178 ex
2250 4128 2598 4179 disci-itionem
2636 4145 2773 4183 corr.
2815 4132 2864 4181 L
3037 4138 3156 4194 post

556 4279 833 4331 personae:
872 4264 1119 4315 defluit-
1142 4279 1390 4332 personae
1426 4280 1516 4315 om.
1557 4266 1603 4315 lt
1643 4267 1762 4316 add.
1804 4283 1833 4315 r
1994 4265 2252 4332 desiluit-iit
2285 4265 2349 4315 M
2509 4267 2569 4318 16
2605 4212 2913 4318 nominfflini
2945 4268 3033 4317 Dd
3066 4282 3151 4317 no-

558 4352 787 4402 minatiui
827 4367 978 4403 casus
1016 4368 1048 4401 n
1230 4351 1576 4403 discritionem
1613 4353 1664 4403 l.
1846 4353 1910 4422 ¹⁷.
1946 4351 2253 4420 excogitata]
2297 4369 2327 4402 r
2362 4354 2648 4419 excogitate
2682 4353 2728 4404 R
2895 4352 3084 4421 dicam]
3124 4371 3154 4404 r

1269 4434 1340 4475 uel
1892 4431 1994 4458 1113Γο

559 4472 676 4522 dico
713 4472 760 4522 R
920 4473 986 4525 18
1017 4472 1104 4521 ille
1141 4472 1267 4537 legit
1346 4484 1394 4522 tu
1438 4475 1487 4523 N
1626 4474 1695 4524 20
1719 4474 1916 4523 discere
1952 4474 2030 4523 Rr·
2203 4474 2267 4524 21
2322 4482 2398 4522 est
2439 4489 2569 4541 opus
2614 4491 2643 4523 n
2818 4473 3153 4541 pronomina]

560 4543 764 4592 nomina
802 4541 851 4592 R
1009 4540 1196 4608 casus]
1238 4559 1268 4592 r
1305 4544 1445 4593 casui
1485 4544 1530 4594 Η
1698 4544 1766 4594 22
1806 4544 2142 4608 compositum
2185 4543 2304 4594 add.
2341 4560 2372 4591 r
2530 4552 2648 4607 post
2682 4542 3050 4627 compositum}
3091 4545 3156 4595 de

563 4611 661 4661 hoc
697 4626 940 4675 pronome
977 4613 1181 4677 plenius
1220 4613 1442 4675 loquitur
1477 4614 1529 4661 in
1569 4615 1651 4664 ··11
1690 4614 1820 4663 libro
1854 4615 1916 4664 de
1955 4614 2282 4677 pronomine,
2322 4613 2409 4662 ubi
2448 4628 2609 4679 prope
2641 4614 2791 4665 tinem
2830 4618 2892 4665 de
2932 4616 3153 4694 recipro-

560 4682 638 4732 eis
676 4690 725 4729 et
760 4682 1040 4736 transitiuis
1077 4683 1300 4733 disserit.
1337 4684 1460 4733 add.
1497 4683 1547 4732 D
1585 4684 1683 4733 del.
1718 4685 1757 4733 d
1918 4684 1986 4733 23
2023 4673 2265 4747 ἐμαυτοῦ
2303 4700 2371 4733 ea:
2400 4698 2536 4732 corn.
2575 4687 2594 4732 t
2764 4676 2903 4748 ἐμοῦ
2939 4674 3152 4750 αὐτοῦ]

559 4752 610 4800 in
650 4752 804 4800 litura
839 4752 888 4799 rl
928 4766 1062 4802 suar
1097 4769 1256 4804 wrm
1296 4752 1362 4801 Μ
1395 4769 1532 4805 tator
1569 4769 1696 4806 Aror
1734 4753 1778 4803 G
1822 4767 2057 4804 xuovrov
2093 4769 2163 4803 ex
2195 4769 2428 4803 emmor
2466 4768 2604 4806 corr.
2645 4754 2684 4802 d
2728 4769 2924 4805 miror
2966 4756 3016 4805 V

560 4823 626 4871 24
666 4817 886 4871 absoluti
927 4819 1117 4889 nutem]
1158 4838 1189 4871 r
1225 4823 1597 4873 absolutionem
1636 4825 1683 4874 R
1836 4821 1994 4884 liquet
2034 4823 2137 4873 G
2235 4825 2303 4874 25
2340 4832 2389 4871 et
2426 4838 2541 4871 cum
2575 4823 2901 4875 discretione.
2953 4833 3007 4891 et
3040 4825 3153 4876 sine

559 4890 867 4947 ,discretione
904 4889 1030 4941 RrG
1095 4905 1108 4915 ·
1197 4891 1265 4941 26
1301 4891 1385 4959 en]
1425 4893 1480 4942 111
1507 4893 1549 4943 S
1707 4905 1927 4957 persone
1959 4893 2083 4945 add.
2125 4893 2164 4943 d
2321 4894 2388 4943 27
2430 4889 2624 4957 vinum]
2660 4909 2818 4943 unum
2854 4894 2945 4943 OD
