3576 5595
577 364 702 426 468
1683 366 2054 428 PRlSClANl

678 494 721 533 p.
756 481 873 521 ιω.
901 480 952 520 28
980 479 1027 520 r.
2737 495 2779 532 p.
2810 482 2989 520 τοι-93
3020 482 3072 521 κ.

577 553 725 613 nalis
764 551 854 632 [et
898 559 988 611 est
1030 569 1062 610 a
1105 549 1378 630 Graeco]
1413 548 1440 634 ΙΙ
1471 551 1650 612 Cuius
1696 560 1786 611 est
1830 551 2088 629 gradus?
2147 552 2514 632 superlativi.
2590 552 2751 614 Vnde
2798 554 2908 612 boc
2950 561 3175 612 certum

578 653 709 714 est?
757 655 902 723 Quia
949 653 1223 729 omnibus
1257 653 1407 712 solet
1451 653 1713 712 numeris
1758 653 2040 732 praeponi
2091 660 2147 712 et
2193 653 2461 729 genetivo
2505 654 2714 734 plurali
2762 673 2998 732 semper
3038 672 3180 713 cou-

574 755 861 833 iungitur‚
907 753 1064 831 quod
1108 773 1280 814 suum
1327 762 1419 814 est
1456 755 1823 833 superlativi,
1873 763 1934 814 ut
1972 755 2196 833 primns
2238 754 2489 815 illorum.
2564 775 2704 831 ergo
2752 754 3179 834 praepositivus

576 857 804 917 illorum
860 855 1300 915 est-nominum
1357 855 1783 933 superlativus,
1838 874 1989 933 quae
2047 873 2352 915 numerum
2411 856 2742 932 significant
2798 876 2828 916 a
2886 856 3071 916 tribus
3121 864 3179 914 et

581 958 748 1018 ultra.
837 975 972 1016 nam
1013 957 1443 1037 comparativus
1481 958 1638 1029 eiuS,
1688 958 1743 1017 id
1785 967 1878 1017 est
1920 957 2108 1036 prior,
2156 958 2254 1033 qui
2302 958 2371 1016 ad
2412 976 2590 1017 uuum
2632 957 2781 1017 solet
2822 958 2977 1028 lieri,
3017 976 3171 1017 sem-
3198 977 3221 1011 5

480 1067 542 1114 :37
585 1079 689 1138 per
722 1059 873 1119 inter
912 1059 1061 1117 ‹luos
1099 1057 1353 1137 ponitur.
1420 1058 1574 1135 quod
1613 1067 1807 1118 autem
1854 1059 2311 1137 comparativum
2360 1066 2451 1118 est
2482 1059 2670 1136 prior,
2716 1041 2975 1118 ostendit
3006 1059 3177 1119 etiam

579 1170 847 1222 neutrum
894 1159 1051 1237 quotl
1103 1159 1175 1218 ab
1220 1179 1289 1219 eo
1336 1158 1627 1231 nascitur,
1676 1158 1856 1237 prius.
1949 1158 2169 1218 nullum
2217 1159 2371 1218 enim
2426 1179 2637 1220 nomen
2685 1162 2741 1219 in
2787 1179 2854 1219 or
2901 1161 3179 1220 desinens

579 1279 889 1322 commune
942 1262 999 1320 in
1048 1281 1117 1321 us
1163 1262 1300 1321 facit
1343 1269 1653 1344 neutrum,
1706 1261 1819 1320 nisi
1864 1262 1940 1320 sit
1979 1260 2468 1339 comparativum,
2519 1271 2577 1319 ut
2628 1261 2719 1320 bic
2767 1271 2824 1320 et
2866 1262 3013 1321 baec
3059 1280 3181 1320 me-

579 1363 688 1424 lior
733 1371 790 1422 et
840 1365 848 1439 Ι
900 1361 1015 1422 hoc
1061 1360 1300 1432 melius,
1348 1361 1443 1420 hic
1487 1370 1546 1420 et
1593 1362 1736 1421 baec
1786 1361 2115 1421 doctior-et
2161 1361 2274 1419 boc
2316 1360 2566 1421 doctius.
2658 1364 2742 1421 sic
2801 1382 2940 1439 ergo
2985 1363 3082 1421 bic
3121 1371 3180 1421 et

582 1466 725 1525 baec
781 1464 944 1542 prior
991 1474 1050 1524 et
1103 1464 1213 1522 boc
1269 1462 1450 1540 prius.
1543 1462 1656 1521 Fac
1715 1461 2072 1523 adverbium.
2165 1462 2356 1522 Prime
2398 1470 2472 1522 ·et
2515 1463 2769 1543 primum
2844 1474 2903 1524 et
2963 1464 3171 1542 primo.
3199 1487 3247 1525 w

481 1577 547 1627 38
581 1566 696 1626 Fac
739 1565 1118 1625 derivativum
1154 1583 1386 1624 nomen.
1460 1564 1783 1637 Primitiae,
1831 1563 2159 1643 primitivus
2205 1562 2488 1642 primitiva
2538 1564 2916 1639 primitivum,
2962 1565 3179 1643 prima-

581 1667 733 1739 rius,
788 1665 1138 1747 primulum,
1195 1664 1514 1743 primores,
1582 1665 1851 1744 prist-iffi,
1908 1665 2227 1744 pristinus,
2288 1666 2506 1744 primas
2567 1666 2851 1745 primatis.
2946 1669 3063 1726 Cur
3116 1666 3174 1725 in

580 1771 696 1830 tine
747 1766 1226 1828 circumflectitur
1287 1764 1549 1845 primas?
1622 1766 1769 1836 Quia
1833 1766 2053 1844 antiqui
2113 1766 2206 1826 bic
2272 1775 2330 1826 et
2385 1767 2530 1826 baec
2591 1767 2854 1846 primatis
2909 1768 3181 1827 dicebant

581 1868 1000 1949 paenultimam
1050 1868 1597 1927 circumflectentes.
1690 1869 1726 1927 ti
1776 1868 1953 1943 igitur
1987 1868 2223 1928 concisa
2272 1870 2486 1939 mansit
2529 1877 2810 1929 accentus
2854 1869 3077 1945 integer
3121 1870 3177 1928 iu

582 1972 784 2031 eadem
845 1990 879 2029 a
934 1969 1158 2042 littera,
1215 1987 1367 2044 quae
1423 1976 1713 2028 extremae
1771 1968 2027 2047 syllabae
2085 1970 2234 2028 sacta
2296 1979 2416 2042 est,
2487 1988 2637 2048 quae
2695 1979 2819 2031 erat
2884 1971 2940 2030 in
3004 1970 3248 2048 pleneus

583 2061 956 2152 paenultima.
1047 2089 1187 2146 ergo
1230 2070 1342 2129 boc
1387 2069 1539 2128 idem
1585 2069 1641 2129 in
1688 2070 1963 2129 omnibus
2009 2068 2297 2129 similibus
2342 2070 2771 2131 observandum
2808 2080 2927 2143 est,
2978 2078 3041 2131 ut
3075 2074 3179 2130 Ar-

480 2191 548 2240 39
588 2175 756 2253 pinas
803 2173 1055 2233 Sufenas
1103 2173 1371 2250 Capenas
1429 2178 1487 2230 et
1550 2170 1840 2231 similibus
1899 2171 2046 2230 aliis.
2141 2174 2266 2231 Fac
2311 2173 2634 2251 composita
2679 2192 2708 2232 a
2758 2173 2965 2252 primo.
3060 2172 3182 2232 l'ri-

582 2275 910 2346 mordium,
968 2272 1361 2352 principium,
1429 2271 1878 2350 primipilarius,
1944 2272 2351 2351 primicerius,
2407 2273 2821 2353 ‹lecemprinii,
2884 2274 3179 2351 quomodo

581 2375 924 2448 decemviri,
974 2373 1397 2452 primogenitus
1432 2366 1820 2451 πρωτότοκος,
1854 2373 2206 2452 primoliuus
2237 2370 2522 2451 πρώιμος,
2557 2375 2850 2451 quomodo
2884 2375 3179 2436 serotinus

579 2469 831 2554 ὄψιμος,
873 2475 1360 2554 pridiepriuceps.
1778 2520 1782 2524 .
3196 2501 3250 2540 20

482 2590 551 2638 40
707 2559 714 2563 ’
757 2575 852 2637 Ab
899 2595 1046 2655 quae
1091 2595 1228 2654 pars
1273 2575 1552 2635 orationis
1600 2573 1730 2635 est?
1777 2575 2158 2654 PraepositiO.
2251 2577 2400 2646 Quid
2443 2586 2533 2636 est
2579 2576 2978 2656 praepositio?
3025 2578 3183 2638 'l‘ars

584 2677 863 2740 orationis
907 2694 1056 2753 quae
1109 2677 1438 2756 praeposita
1487 2677 1613 2738 aliis
1659 2677 1925 2756 partibus
1969 2678 2248 2738 orationis
2307 2677 2790 2756 significationem
2838 2697 3038 2738 earum
3085 2688 3184 2740 aut

585 2780 842 2860 complet
887 2787 987 2839 aut
1024 2787 1212 2839 mutat
1249 2789 1350 2839 aut
1379 2778 1613 2854 minnit3
1662 2777 1948 2859 complet,
1999 2789 2061 2839 ut
2092 2780 2240 2840 l'acio
2282 2780 2552 2859 pertici0‚
2596 2787 2814 2853 mutat,
2865 2788 2928 2841 ut
2972 2780 3183 2842 doctus

585 2882 889 2953 indoctus,
929 2880 1171 2953 minuit,
1220 2888 1284 2940 ut
1324 2880 1485 2940 rideo
1525 2880 1819 2941 subrideo.
1850 2929 1871 2935 -
1913 2882 2018 2942 Cui
2050 2882 2212 2941 casui
2252 2882 2627 2958 coniungitur
2669 2882 2742 2942 ab
2787 2881 3184 2962 praepositio?

481 3000 540 3048 41
590 2983 868 3045 Ablativo.
959 2984 1023 3043 ln
1079 2982 1445 3061 appositione
1489 2982 1613 3043 sola
1661 3003 1733 3043 an
1780 2981 1956 3042 etiam
2002 2983 2060 3042 in
2109 2984 2534 3062 compositione
2573 2982 2700 3044 aliis
2748 2985 3008 3077 partibus
3052 3004 3184 3044 ora·
3202 3012 3254 3049 25

587 3085 760 3146 tionis
806 3081 1225 3163 praeponitur?
1303 3083 1688 3170 l’raeponitur
1732 3093 1848 3144 tam
1896 3085 1952 3144 in
2003 3084 2428 3162 compositione
2471 3104 2645 3162 quam
2697 3085 2753 3145 in
2793 3086 3181 3166 appositione,

586 3187 690 3246 sed
759 3186 818 3246 in
878 3184 1305 3264 compositione
1352 3204 1483 3244 cum
1533 3185 1923 3267 nomillnativo
1972 3196 2026 3244 et
2067 3189 2075 3262 Ι
2117 3204 2250 3249 cum
2309 3187 2435 3247 eius
2492 3187 2880 3248 declinatione
2940 3186 3025 3246 vel
3073 3185 3183 3246 illis

586 3288 941 3349 dictionibus
987 3304 1139 3363 quae
1179 3293 1383 3346 carent
1421 3285 1684 3355 casibus,
1733 3287 1791 3345 in
1838 3287 2207 3367 appositione
2240 3308 2373 3348 vero
2406 3308 2539 3349 cum
2571 3289 2817 3350 ablativo
2863 3288 3182 3350 casualium

588 3397 844 3462 tantum,
894 3396 957 3448 ut
999 3387 1226 3448 abduco
1255 3387 1555 3449 abducens
1597 3388 1977 3461 abtlucentis,
2025 3388 2195 3465 abigo
2239 3388 2480 3467 abigens
2518 3390 2825 3468 abigentis.
2903 3400 2959 3451 et
2991 3391 3181 3450 scien·

521 3532 538 3549 x
587 3491 758 3564 dum,
803 3489 962 3568 quod
1008 3490 1251 3549 eandem
1298 3488 1781 3567 significationem
1830 3490 2049 3550 habent
2093 3509 2124 3550 a
2158 3490 2230 3550 ab
2267 3491 2390 3551 abS.
2482 3499 2540 3551 et
2587 3511 2617 3551 a
2664 3491 2901 3571 quidem
2947 3491 3035 3552 vel
3079 3491 3253 3553 absao

735 3712 754 3760 1
809 3719 858 3760 et
896 3718 972 3759 est
1010 3725 1038 3757 a
1078 3724 1263 3774 graeco
1308 3709 1442 3770 quod
1491 3707 1713 3773 πρῶτος
1749 3723 1801 3771 ς,
1840 3726 1933 3762 om.
1974 3710 2015 3758 S
2152 3712 2185 3760 2
2224 3712 2343 3775 quia
2390 3713 2677 3762 nominibus
2717 3714 2880 3773 (corr,
2923 3710 3186 3775 omnibus)

589 3780 720 3829 solet
751 3783 996 3845 praeponi
1033 3780 1073 3827 S
1190 3779 1221 3828 3
1257 3777 1657 3844 praepositivus]
1695 3781 1899 3845 proprie
1940 3780 2024 3829 GS
2061 3782 2298 3847 propriae
2333 3783 2375 3832 Ο
2412 3783 2603 3846 primus
2634 3782 2875 3833 Krelelius
2910 3799 2979 3832 esc
3014 3785 3184 3831 codice

593 3851 917 3899 ,Menaeni-si.
933 3850 1308 3914 praepositivus
1340 3864 1409 3897 ea:
1433 3851 1495 3909 iis
1519 3865 1649 3913 quae
1674 3865 1716 3899 v.
1755 3852 1787 3898 6
1812 3851 1989 3899 addila
2015 3854 2201 3908 ,ςηηῌη
2228 3851 2373 3902 libr-is
2395 3852 2489 3899 Ituc-
2512 3855 2805 3913 transposui
2978 3855 3009 3901 5
3047 3853 3183 3900 eius·

588 3922 704 3969 dem
751 3920 890 3985 prior
926 3920 1047 3982 quia
1081 3918 1145 3966 ad
1183 3920 1224 3967 l)
1357 3918 1391 3965 (i
1437 3919 1641 3982 ponitur
1687 3933 1810 3982 ergo
1848 3921 2226 3985 praepositiuus
2266 3922 2636 3986 (propositiuus
2675 3920 2745 3983 G)
2796 3924 3000 3971 nomina
3037 3921 3186 3969 babet.

591 4004 915 4038 numerorum
946 3989 1079 4051 quod
1118 3990 1200 4037 CG
1238 3988 1440 4053 ponitur
1474 4002 1597 4052 ergo
1634 3989 1983 4053 praepositiua
2021 3991 2227 4038 nomina
2267 3990 2454 4039 habent
2492 4006 2753 4040 nnmerum
2795 3993 2932 4056 quod
2970 3992 3035 4039 S.
3059 4007 3186 4055 quae

588 4061 889 4120 inter-posita
912 4068 1028 4107 xum
1050 4060 1121 4106 ad
1149 4075 1189 4105 υ.
1214 4059 1245 4107 3
1274 4061 1536 4119 perimere
1560 4059 1807 4115 videntur,
1838 4058 1922 4106 nln'
1939 4059 2003 4107 ab
2028 4061 2145 4109 aliis
2177 4062 2290 4110 olim
2320 4064 2559 4121 scriptum
2584 4070 2699 4110 erat
2723 4063 2850 4109 illud
2880 4064 3013 4126 quod
3049 4061 3182 4120 dedi,
3206 4112 3211 4119 ,

590 4144 715 4192 ergo
749 4128 1122 4192 praepositivus
1161 4128 1360 4175 illorum
1392 4142 1525 4191 sqq„
1554 4126 1617 4175 ab
1653 4129 1770 4175 aliis
1799 4142 1923 4192 ergo
1956 4130 2161 4194 proprie
2199 4131 2404 4178 uomina
2430 4129 2579 4179 habet
2604 4145 2924 4180 numeronum
2963 4148 2992 4179 a
3027 4131 3185 4179 tribus

589 4209 637 4247 et
675 4199 807 4246 ultra
954 4199 1015 4247 10
1062 4205 1109 4244 et
1142 4197 1305 4260 primo
1342 4213 1434 4245 om.
1476 4196 1518 4245 G
1555 4206 1603 4245 et
1638 4197 1803 4261 primo
1844 4204 1892 4245 et
1929 4200 2265 4263 compositum
2302 4198 2530 4264 adprime
2564 4200 2605 4248 S
2778 4201 2836 4252 11
2886 4201 3105 4266 primitia
3144 4200 3185 4247 G

728 4267 1002 4332 primarius
1038 4292 1105 4302 —
1147 4266 1207 4314 12
1243 4267 1491 4330 pristinus
1525 4281 1620 4317 om.
1655 4267 1698 4315 S
1868 4266 1929 4315 12
1966 4267 2215 4332 primulus
2252 4281 2284 4323 ς
2470 4270 2526 4317 17
2566 4270 2791 4319 suss'enas
2821 4270 2862 4318 S
3001 4270 3098 4318 Fac
3121 4294 3187 4303 —

545 4334 657 4385 *20
689 4337 852 4402 pridie
903 4337 1140 4400 princeps
1199 4351 1288 4384 om.
1329 4336 1370 4385 S
1401 4356 1416 4385 .-
1453 4337 1551 4385 Fae
1613 4354 1704 4385 om.
1738 4336 1825 4384 CG
2018 4338 2354 4402 compositum
2410 4352 2439 4385 a
2501 4340 2697 4403 primus
2753 4340 2794 4389 C
2976 4338 3039 4388 18
3083 4338 3186 4403 pri-

589 4406 827 4455 micerius
867 4406 1015 4467 quasi
1053 4406 1247 4471 primus
1286 4404 1434 4453 chere
1466 4442 1478 4453 .
1505 4416 1582 4454 est
1620 4415 1785 4453 autem
1827 4403 1976 4453 chere
2008 4406 2143 4469 legio
2174 4407 2284 4454 sive
2321 4408 2573 4457 exercitus
2612 4409 2660 4457 L
2806 4408 2867 4458 19
2888 4419 3123 4459 'nl‘offluc
3151 4407 3190 4455 G

588 4490 800 4525 neenec
829 4475 871 4523 G
978 4476 1044 4523 20
1082 4475 1485 4540 pridieprineeps
1525 4483 1731 4524 vocatus
1765 4476 1831 4536 (l.
1855 4479 2086 4537 vocatur)
2112 4475 2263 4524 hodie
2297 4477 2381 4537 qui
2421 4475 2527 4525 heri
2569 4477 2630 4526 ‹le
2669 4479 2958 4542 principatu
2996 4479 3185 4525 eiectus

590 4555 689 4594 est.
721 4545 794 4592 sic
831 4545 1015 4592 fiebant
1053 4545 1288 4593 eonsules
1324 4544 1538 4593 Romani
1575 4545 1618 4593 l.
1723 4546 1790 4594 ⁴25
1828 4543 1878 4591 in
1918 4545 2235 4609 appositione
2274 4566 2387 4595 *ᾳ*
2421 4548 2571 4595 etiam
2609 4549 2684 4610 (in
2719 4546 3039 4627 appositione
3078 4546 3187 4596 sola

591 4629 721 4676 quae
757 4612 908 4662 etiam
943 4614 992 4676 a)
1032 4616 1081 4663 in
1131 4614 1499 4678 compositione
1538 4653 1548 4665 .
1575 4655 1586 4666 .
1610 4650 1623 4664 .
1656 4649 1668 4662 .
1691 4650 1705 4664 .
1734 4651 1744 4662 .
1777 4650 1788 4662 .
1818 4650 1831 4661 .
1857 4648 1869 4662 .
1934 4649 1946 4662 .
2023 4649 2036 4662 .
2064 4650 2075 4662 .
2110 4649 2155 4661 ..
2196 4614 2309 4663 aliis
2356 4617 2588 4679 paitibus
2639 4618 2883 4665 orationis
2921 4628 3019 4666 tam
3058 4616 3098 4665 S
3135 4617 3185 4663 in

589 4681 907 4745 appositione
953 4684 1061 4732 sola
1099 4698 1163 4731 an
1217 4683 1368 4731 etiam
1417 4684 1465 4730 in
1516 4683 1919 4763 compositione?
1976 4683 2125 4732 (asu
2127 4682 2276 4733 ilibus
2311 4685 2539 4750 paitibus
2576 4687 2819 4737 orationis
2858 4688 3187 4752 praeponitur

589 4759 689 4796 tam
730 4765 763 4803 ς
901 4751 968 4801 26
1005 4753 1335 4817 praeponitur
1372 4754 1701 4818 praeponitur
1737 4753 1886 4801 etiam
1928 4762 2027 4801 tam
2061 4754 2096 4802 C
2137 4757 2468 4819 praeponitur
2509 4766 2610 4806 tam
2650 4758 2694 4807 G
2800 4760 2869 4806 2⁸
2908 4757 3186 4806 casualium

591 4825 785 4866 tautum
813 4818 856 4867 S
886 4829 1084 4869 tantum
1119 4821 1399 4870 casualium
1437 4822 1480 4870 G
1514 4822 1795 4873 casualium
1833 4823 2134 4872 tetmiuatur
2173 4823 2215 4873 G
