3576 5595
1455 465 1880 528 PRAEFATIO
2845 473 2962 534 401

370 674 562 736 saepe
623 652 818 714 etiam
874 651 1164 737 ineptum
1224 659 1352 730 est,
1414 650 1528 714 sed
1594 651 1787 713 etiam
1844 672 1948 713 res
2016 650 2252 734 ipsae,'
2291 650 2371 713 de
2429 651 2668 736 quibus
2732 654 2969 736 agitur,

370 737 649 838 speciem
694 753 832 815 eius
880 752 1144 833 aetatiS,
1209 772 1373 835 quae
1427 752 1557 814 iam
1618 774 1805 814 usum
1859 763 1924 816 et
1979 752 2316 815 scientiam
2374 751 2649 815 Latinae
2708 753 2970 836 linguae

368 877 498 917 non
553 852 869 931 habebat,
936 872 1093 935 prae
1148 874 1216 914 se
1272 852 1514 915 ferunt.
1603 853 1669 914 in
1727 853 2045 939 exemplis
2104 874 2260 915 vero
2318 852 2602 916 barbara
2643 854 2967 938 quaedam

370 953 692 1019 vocabula
752 954 857 1015 hie
914 954 1190 1037 scriptor
1231 956 1480 1039 posuit,
1546 975 1816 1038 quorum
1865 953 1994 1016 alia
2035 976 2164 1025 non
2207 954 2472 1017 invenio
2516 955 2642 1017 nisi
2685 975 2725 1016 a
2770 956 2968 1040 scrip·

371 1054 622 1119 toribus
671 1053 930 1116 infimae
976 1054 1209 1116 aetatis
1252 1063 1568 1140 usurpata
1625 1076 1799 1136 esse,
1857 1054 2014 1131 alia,
2071 1077 2460 1140 quamquam
2509 1056 2730 1119 nescio
2776 1078 2966 1142 quam

370 1157 817 1220 auctoritatem
866 1155 1176 1231 habeant,
1231 1165 1447 1218 tamen
1494 1177 1533 1217 a
1569 1155 1892 1218 Prisciani
1933 1165 2106 1219 certe
2152 1165 2365 1218 aetate
2412 1165 2478 1218 et
2518 1155 2814 1219 doctrina
2858 1155 2969 1219 ab·

370 1259 654 1320 horrent.
745 1277 971 1319 verum
1016 1255 1176 1318 haec
1222 1258 1440 1319 omnia
1484 1259 1550 1319 in
1604 1267 1905 1342 promptu
1957 1267 2129 1320 sunt.
2219 1279 2295 1319 ac
2350 1280 2432 1320 ne
2484 1256 2646 1319 illud
2707 1256 2968 1341 quidem

370 1358 561 1420 video
606 1355 933 1443 probabili
979 1358 1233 1420 ratione
1277 1357 1608 1421 adfirmari
1653 1379 1877 1442 posse,
1924 1360 2355 1444 antiquiorem
2400 1357 2681 1444 aliquem
2725 1356 2968 1420 librum

374 1482 412 1522 a
458 1459 796 1522 Prisciano
840 1458 1151 1543 scriptum
1199 1467 1429 1542 postea
1472 1463 1537 1520 ln
1584 1457 1751 1521 hanc
1795 1458 2101 1543 formam,
2171 1481 2362 1545 quam
2409 1480 2582 1521 nunc
2633 1457 2968 1541 habemus,

370 1561 703 1623 redactum
778 1581 950 1640 esse,
1014 1558 1132 1622 sed
1197 1560 1412 1644 potius
1472 1560 1734 1624 nomine
1790 1560 2182 1623 nobilissimi
2238 1560 2649 1646 grammatici
2707 1568 2772 1623 et
2826 1568 2974 1644 post

371 1671 669 1725 octavum
718 1660 1045 1724 saeculum
1092 1659 1594 1743 diligentissime
1633 1662 1894 1723 tractati
1938 1661 2254 1748 inscripta
2298 1684 2439 1726 esse
2474 1670 2630 1748 puto
2661 1682 2756 1738 ea,
2801 1682 2971 1747 quae

373 1764 451 1826 de
508 1764 873 1849 quantitate
932 1776 996 1824 et
1051 1764 1580 1847 pronuntiatione
1638 1760 2101 1842 vocabulorum
2158 1762 2392 1848 aliquis
2458 1785 2543 1827 ex
2601 1763 2969 1849 praeceptis

371 1867 803 1950 antiquiorum
845 1865 1411 1950 grammaticorum
1458 1863 1812 1946 eollegerat
1857 1876 1920 1927 et
1965 1865 2050 1928 ad
2095 1886 2251 1927 suae
2293 1867 2528 1928 aetatis
2570 1887 2758 1927 usum
2805 1863 2966 1924 satis

370 1965 710 2049 pueriliter
751 1974 1197 2048 conposuerat.
1611 2037 1614 2041 ⁴

542 2066 621 2129 In
668 2065 1002 2129 codicibus
1069 2074 1286 2128 autem
1333 2089 1464 2130 non
1508 2067 1730 2129 inveni
1777 2066 1949 2131 hune
1993 2066 2229 2131 librum
2272 2069 2583 2153 scriptum
2631 2088 2775 2129 esse
2821 2074 2971 2127 ante

373 2167 789 2231 undecimum
846 2166 1197 2230 saeculum.
1290 2170 1430 2230 eius
1487 2176 1704 2230 autem
1759 2169 1964 2254 ipsius
2029 2171 2263 2231 aetatis
2335 2190 2527 2254 quam
2599 2167 2740 2237 dixi
2808 2166 2968 2229 duos

372 2269 574 2332 libros
619 2269 789 2348 vidi,
838 2267 1114 2331 alterum
1161 2268 1677 2345 Leidensem,
1725 2271 1836 2355 qui
1875 2279 1972 2332 est
2010 2272 2179 2333 inter
2211 2270 2468 2332 codices
2504 2268 2969 2331 Perizonianos

372 2370 579 2433 forma
621 2370 908 2432 maxima
947 2369 1526 2455 quinquagesimus
1573 2370 1868 2456 quintuS,
1915 2370 2186 2433 alterum
2234 2370 2971 2456 Guelferbytanum

374 2473 544 2534 inter
583 2471 1007 2554 Augustanos
1054 2470 1263 2533 forma
1308 2470 1625 2556 quadrata
1671 2472 2110 2534 undecimum.
2204 2496 2237 2536 e
2276 2472 2512 2558 quibus
2557 2472 2969 2550 Leidensem,

373 2594 562 2659 quem
597 2573 945 2658 descripsit
968 2571 1238 2636 Geelius
1268 2573 1333 2635 in
1369 2571 1668 2658 catalogo
1703 2571 2016 2637 librorum
2052 2597 2245 2636 manu
2270 2575 2657 2659 scriptorum
2681 2574 2790 2658 qui
2820 2571 2973 2635 inde

371 2675 455 2736 ab
492 2696 661 2737 anno
719 2679 865 2738 ¹741
910 2674 1347 2738 bibliothecae
1389 2674 2041 2758 Lugduno-Batavae
2095 2685 2511 2737 accesserunt
2557 2697 2617 2759 p.
2656 2677 2768 2737 151
2809 2695 2972 2758 sqq„

372 2774 967 2839 Heilbrunnensem
1018 2774 1170 2840 olim
1219 2774 1423 2839 fuisse
1473 2776 1767 2839 indicant
1818 2774 2008 2857 haec,
2071 2799 2236 2862 quae
2281 2777 2348 2840 in
2394 2786 2688 2839 extrema
2733 2776 2975 2860 pagina

378 2876 749 2960 subscripta
782 2886 933 2938 sunt
976 2873 1181 2939 ‘liber
1210 2876 1401 2940 beate
1435 2879 1637 2939 marie
1673 2878 1952 2962 uirginis
1984 2878 2050 2940 in
2087 2876 2450 2963 hailprun'.
2499 2900 2646 2940 nam
2676 2878 2772 2937 ita
2807 2875 2975 2937 'haec

374 2980 441 3041 in
499 2976 724 3040 codice
784 2977 945 3060 legi,
1014 2998 1145 3039 non
1202 2979 1305 3040 ‘in
1364 2977 1725 3063 lmygrim’,
1783 2979 1955 3063 quod
2015 2979 2394 3042 dubitanter
2450 2977 2630 3041 dedit
2682 2975 2969 3040 GeeliuS.

371 3087 598 3162 postea
627 3079 707 3141 ad
736 3080 1139 3141 Gronovium
1179 3080 1494 3162 pervenit,
1534 3101 1619 3142 ex
1658 3080 1840 3142 cuius
1882 3079 2276 3144 bibliotheca
2313 3101 2381 3143 se
2416 3082 2651 3143 emisse
2683 3077 2973 3141 codicem

371 3183 439 3244 in
482 3180 693 3264 prima
736 3180 981 3267 pagina
1023 3188 1298 3241 testatur
1340 3179 1573 3244 Petrus
1608 3181 2006 3244 Bondanius,
2096 3182 2386 3245 continet
2428 3189 2641 3244 autem
2689 3179 2736 3242 f.
2768 3181 2969 3241 1-45

373 3281 701 3345 Prisciani
744 3267 984 3343 librum
1028 3281 1378 3365 septimum
1425 3281 1745 3345 decimum
1795 3293 1859 3345 et
1904 3293 2202 3345 octavum
2247 3283 2599 3345 decimum:
2647 3282 2695 3344 f.
2721 3282 2972 3343 46—48

374 3384 543 3445 hunc
584 3382 663 3445 de
695 3381 1067 3444 accentibus
1101 3380 1372 3464 librum,
1414 3383 1518 3445 cui
1563 3386 1924 3447 recentiore
1969 3405 2165 3446 manu
2209 3384 2576 3469 adscriptus
2612 3390 2714 3446 est
2743 3379 2972 3444 titulus

367 3490 655 3563 prosodia
700 3489 1003 3546 Prisciani
1051 3489 1291 3562 incipit:
1360 3483 1404 3546 f.
1452 3490 1531 3548 49
1578 3507 1719 3571 sqq.
1780 3484 2024 3548 Donati
2078 3485 2370 3549 libellum
2434 3487 2514 3548 de
2570 3483 2975 3549 barbarismo

377 3588 739 3671 ceterisque
802 3580 980 3647 vitiis
1047 3586 1383 3648 orationis.
1477 3586 2039 3672 Guelferbytanus
2094 3596 2310 3651 autem
2364 3587 2606 3670 codex,
2673 3586 2786 3672 qui
2851 3583 2978 3646 suit

379 3688 532 3751 olim
576 3689 643 3751 S.
691 3685 1033 3749 Michaelis
1074 3688 1450 3749 monasterii
1493 3687 2141 3765 Ilildcsheimiensis,
2195 3710 2283 3751 ex
2341 3688 2622 3752 diversis
2662 3684 2978 3750 membra·

377 3780 605 3852 narum
658 3787 988 3851 fasciculis
1046 3789 1450 3872 conposituS,
1514 3811 1716 3852 unum
1771 3789 1971 3859 habet
2030 3791 2521 3875 quaternionem
2577 3799 2643 3852 et
2701 3786 2975 3850 schedas

375 3893 695 3976 quinque,
743 3891 790 3952 f.
832 3890 1192 3971 128-140‚
1239 3891 1307 3952 in
1355 3889 1594 3975 quibus
1640 3891 2037 3955 membranis
2081 3890 2306 3955 eadem
2340 3913 2537 3954 mauu
2566 3890 2793 3974 scripti
2825 3894 2978 3951 sunt

373 4002 508 4055 tres
554 3992 704 4055 libri
743 3992 1183 4075 grammatici,
1230 3992 1510 4078 primum
1554 3993 1600 4056 f.
1635 3992 2039 4057 wat—131*
2082 3992 2327 4056 Donati
2371 3990 2662 4068 libellus,
2723 3996 2853 4054 Vox
2891 3999 2980 4053 est

376 4115 485 4155 acr
527 4099 677 4156 ictus
711 4130 795 4142 —
825 4099 961 4156 cola
1002 4103 1061 4155 et
1097 4106 1417 4170 commata,
1479 4093 1715 4157 deinde
1772 4094 1819 4157 f.
1870 4096 2294 4157 131*—134*
2352 4092 2563 4157 Servii
2608 4092 2689 4156 de
2731 4090 2978 4155 ultimis

377 4193 653 4280 syllabis
699 4193 893 4276 liber,
959 4199 1201 4258 Servius
1244 4200 1566 4259 honoratus
1608 4202 1873 4273 aquilino
1922 4233 1992 4241 —
2036 4183 2325 4273 positione
2364 4201 2578 4272 lonqac
2619 4203 2783 4269 sunt,
2838 4201 2978 4256 tum

376 4296 424 4359 f.
479 4298 633 4360 134*
653 4299 902 4360 -140*
955 4302 1260 4360 Prisciani
1309 4303 1695 4375 qrammatici
1739 4302 1815 4359 de
1865 4301 2202 4360 accentibus
2257 4301 2409 4359 liber
2452 4303 2686 4375 incipit,
2752 4300 2979 4358 Litlera

374 4407 462 4461 est
510 4434 577 4443 —
623 4417 789 4476 pape
830 4419 1012 4460 euax.
1103 4408 1398 4462 recentes
1443 4398 1701 4462 codices
1748 4397 1884 4461 vidi
1929 4398 2124 4476 duos,
2162 4398 2536 4462 Parisinum
2584 4400 2750 4460 7553
2795 4396 2978 4459 cbar-

375 4508 631 4562 taceum
672 4500 898 4584 quinto
945 4498 1198 4564 decimo
1246 4499 1503 4563 saeculo
1550 4499 1894 4586 scriptum,
1951 4502 2061 4585 qui
2106 4521 2251 4561 cum
2295 4499 2669 4563 recentibus
2714 4498 2978 4584 quibus-

385 4599 533 4662 dam
578 4599 894 4664 Italorum
947 4600 1280 4666 hominum
1331 4600 1573 4665 libellis
1620 4602 1835 4664 Servii
1889 4599 2125 4664 librum
2180 4601 2261 4664 de
2307 4600 2552 4665 ultimis
2600 4600 2872 4687 syllabis
2917 4609 2982 4662 et

378 4700 816 4765 ‘Priscianum
880 4702 1390 4767 Caesareensem
1457 4702 2009 4777 de,accentibus’
2072 4704 2393 4780 continet,
2457 4712 2520 4765 et
2589 4702 2980 4766 Leidensem

375 4801 536 4866 bibl.
581 4802 761 4888 publ.
814 4806 934 4868 186
978 4804 1576 4883 membranaceum,
1648 4807 1715 4869 in
1772 4829 1900 4892 quo
1953 4814 2101 4892 post
2143 4803 2468 4868 Prisciani
2526 4804 2607 4868 de
2651 4813 2980 4869 construc-

374 4902 550 4965 tione
607 4902 813 4966 libros
870 4903 1256 4971 duodecimo
1313 4907 1573 4971 saeculo
1631 4909 1906 4994 scriptos
1960 4907 2166 4971 additi
2229 4916 2382 4970 sunt
2439 4917 2670 4992 quarto
2730 4906 3025 4971 decimo·

481 5027 897 5069 GRAMMA'rtct
940 5028 1163 5071 mrim
1211 5031 1306 5073 111.
2495 5012 2574 5074 26
