<?xml version="1.0" encoding="UTF-8"?>
<!DOCTYPE html PUBLIC "-//W3C//DTD XHTML 1.0 Transitional//EN"
    "http://www.w3.org/TR/xhtml1/DTD/xhtml1-transitional.dtd">
<html xmlns="http://www.w3.org/1999/xhtml" xml:lang="en" lang="en">
 <head>
  <title>
</title>
<meta http-equiv="Content-Type" content="text/html;charset=utf-8" />
  <meta name='ocr-system' content='tesseract 3.04.00' />
  <meta name='ocr-capabilities' content='ocr_page ocr_carea ocr_par ocr_line ocrx_word'/>
</head>
<body>
  <div class='ocr_page' id='page_1' title='image "./grammaticilatin06hagagoog_0486.png"; bbox 0 0 3576 5595; ppageno 0'>
   <div class='ocr_carea' id='block_1_1' title="bbox 543 430 2014 496">
    <p class='ocr_par' dir='ltr' id='par_1_1' title="bbox 543 430 2014 496">
     <span class='ocr_line' id='line_1_1' title="bbox 543 430 2014 496; baseline 0 -6"><span class='ocrx_word' id='word_1_1' title='bbox 543 432 667 495; x_wconf 80' lang='lat'>460</span> <span class='ocrx_word' id='word_1_2' title='bbox 961 489 970 496; x_wconf 75' lang='grc'>,</span> <span class='ocrx_word' id='word_1_3' title='bbox 1645 430 2014 492; x_wconf 74' lang='lat' dir='ltr'>PRlSClANl</span> 
     </span>
    </p>
   </div>
   <div class='ocr_carea' id='block_1_2' title="bbox 541 545 3134 697">
    <p class='ocr_par' dir='ltr' id='par_1_2' title="bbox 541 545 3134 697">
     <span class='ocr_line' id='line_1_2' title="bbox 645 545 3029 599; baseline -0 -15"><span class='ocrx_word' id='word_1_4' title='bbox 645 560 686 599; x_wconf 76' lang='lat' dir='ltr'>p.</span> <span class='ocrx_word' id='word_1_5' title='bbox 711 548 824 587; x_wconf 69' lang='lat'><strong>¹21⁶.</strong></span> <span class='ocrx_word' id='word_1_6' title='bbox 852 549 898 587; x_wconf 73' lang='grc' dir='ltr'>ιτ</span> <span class='ocrx_word' id='word_1_7' title='bbox 919 548 965 588; x_wconf 77' lang='lat' dir='ltr'>r.</span> <span class='ocrx_word' id='word_1_8' title='bbox 1361 561 1376 567; x_wconf 33' lang='grc' dir='ltr'><em>α</em></span> <span class='ocrx_word' id='word_1_9' title='bbox 2462 585 2471 592; x_wconf 74' lang='grc'>,</span> <span class='ocrx_word' id='word_1_10' title='bbox 2712 557 2755 594; x_wconf 76' lang='lat' dir='ltr'>p.</span> <span class='ocrx_word' id='word_1_11' title='bbox 2776 545 2954 583; x_wconf 74' lang='lat' dir='ltr'>275-7s</span> <span class='ocrx_word' id='word_1_12' title='bbox 2978 545 3029 585; x_wconf 77' lang='grc' dir='ltr'>κ.</span> 
     </span>
     <span class='ocr_line' id='line_1_3' title="bbox 541 615 3134 697; baseline -0 -21"><span class='ocrx_word' id='word_1_13' title='bbox 541 626 631 678; x_wconf 89' lang='lat' dir='ltr'>est</span> <span class='ocrx_word' id='word_1_14' title='bbox 671 618 1038 697; x_wconf 79' lang='lat' dir='ltr'>depositione</span> <span class='ocrx_word' id='word_1_15' title='bbox 1085 617 1406 678; x_wconf 88' lang='lat' dir='ltr'>terminalis</span> <span class='ocrx_word' id='word_1_16' title='bbox 1451 617 1508 677; x_wconf 92' lang='lat' dir='ltr'>in</span> <span class='ocrx_word' id='word_1_17' title='bbox 1555 615 1946 696; x_wconf 66' lang='lat' dir='ltr'>disyllabum?</span> <span class='ocrx_word' id='word_1_18' title='bbox 2001 615 2385 677; x_wconf 83' lang='lat' dir='ltr'>Catalecticos</span> <span class='ocrx_word' id='word_1_19' title='bbox 2429 616 2660 688; x_wconf 85' lang='lat' dir='ltr'>dicunt,</span> <span class='ocrx_word' id='word_1_20' title='bbox 2708 616 2921 694; x_wconf 82' lang='lat' dir='ltr'>quibus</span> <span class='ocrx_word' id='word_1_21' title='bbox 2967 616 3134 675; x_wconf 81' lang='lat' dir='ltr'>deest</span> 
     </span>
    </p>
   </div>
   <div class='ocr_carea' id='block_1_3' title="bbox 477 717 3205 4149">
    <p class='ocr_par' dir='ltr' id='par_1_3' title="bbox 477 717 3205 4149">
     <span class='ocr_line' id='line_1_4' title="bbox 541 717 3135 797; baseline -0.001 -19"><span class='ocrx_word' id='word_1_22' title='bbox 541 719 597 779; x_wconf 91' lang='lat' dir='ltr'>in</span> <span class='ocrx_word' id='word_1_23' title='bbox 641 721 754 778; x_wconf 84' lang='lat' dir='ltr'>tine</span> <span class='ocrx_word' id='word_1_24' title='bbox 801 719 1047 797; x_wconf 83' lang='lat' dir='ltr'>aliquid,</span> <span class='ocrx_word' id='word_1_25' title='bbox 1093 720 1473 791; x_wconf 79' lang='lat' dir='ltr'>acatalectos‚</span> <span class='ocrx_word' id='word_1_26' title='bbox 1517 719 1730 796; x_wconf 79' lang='lat' dir='ltr'>quibus</span> <span class='ocrx_word' id='word_1_27' title='bbox 1777 717 1920 778; x_wconf 90' lang='lat' dir='ltr'>nihil</span> <span class='ocrx_word' id='word_1_28' title='bbox 1967 717 2148 776; x_wconf 85' lang='lat' dir='ltr'>deest.</span> <span class='ocrx_word' id='word_1_29' title='bbox 2242 717 2515 778; x_wconf 79' lang='lat' dir='ltr'>heroicus</span> <span class='ocrx_word' id='word_1_30' title='bbox 2561 725 2788 789; x_wconf 87' lang='lat' dir='ltr'>autem,</span> <span class='ocrx_word' id='word_1_31' title='bbox 2851 718 2948 794; x_wconf 88' lang='lat' dir='ltr'>qui</span> <span class='ocrx_word' id='word_1_32' title='bbox 2991 717 3135 794; x_wconf 82' lang='lat' dir='ltr'>legi-</span> 
     </span>
     <span class='ocr_line' id='line_1_5' title="bbox 542 817 3133 920; baseline -0.001 -41"><span class='ocrx_word' id='word_1_33' title='bbox 542 820 714 880; x_wconf 86' lang='lat' dir='ltr'>timos</span> <span class='ocrx_word' id='word_1_34' title='bbox 755 821 928 880; x_wconf 88' lang='lat' dir='ltr'>hahet</span> <span class='ocrx_word' id='word_1_35' title='bbox 976 821 1253 898; x_wconf 67' lang='lat' dir='ltr'>dactylos,</span> <span class='ocrx_word' id='word_1_36' title='bbox 1296 819 1305 900; x_wconf 83' lang='grc' dir='ltr'>Ι</span> <span class='ocrx_word' id='word_1_37' title='bbox 1345 820 1441 899; x_wconf 85' lang='lat' dir='ltr'>qui</span> <span class='ocrx_word' id='word_1_38' title='bbox 1484 820 1759 899; x_wconf 69' lang='lat' dir='ltr'>trisyllabi</span> <span class='ocrx_word' id='word_1_39' title='bbox 1807 827 1973 892; x_wconf 86' lang='lat' dir='ltr'>sunt,</span> <span class='ocrx_word' id='word_1_40' title='bbox 2021 819 2151 878; x_wconf 89' lang='lat' dir='ltr'>ideo</span> <span class='ocrx_word' id='word_1_41' title='bbox 2207 818 2265 878; x_wconf 91' lang='lat' dir='ltr'>in</span> <span class='ocrx_word' id='word_1_42' title='bbox 2313 817 2656 920; x_wconf 44' lang='lat' dir='ltr'>disyllabum</span> <span class='ocrx_word' id='word_1_43' title='bbox 2699 818 2820 877; x_wconf 67' lang='lat' dir='ltr'>vult⁴</span> <span class='ocrx_word' id='word_1_44' title='bbox 2864 818 3133 877; x_wconf 81' lang='lat' dir='ltr'><strong>desinere</strong></span> 
     </span>
     <span class='ocr_line' id='line_1_6' title="bbox 542 919 3131 1000; baseline -0.002 -19"><span class='ocrx_word' id='word_1_45' title='bbox 542 930 599 981; x_wconf 89' lang='lat' dir='ltr'>et</span> <span class='ocrx_word' id='word_1_46' title='bbox 655 922 861 982; x_wconf 88' lang='lat' dir='ltr'>minuit</span> <span class='ocrx_word' id='word_1_47' title='bbox 922 923 979 983; x_wconf 91' lang='lat' dir='ltr'>in</span> <span class='ocrx_word' id='word_1_48' title='bbox 1039 923 1151 981; x_wconf 80' lang='lat' dir='ltr'>[ine</span> <span class='ocrx_word' id='word_1_49' title='bbox 1209 943 1381 982; x_wconf 89' lang='lat' dir='ltr'>unam</span> <span class='ocrx_word' id='word_1_50' title='bbox 1442 922 1757 1000; x_wconf 68' lang='lat' dir='ltr'>syllabam,</span> <span class='ocrx_word' id='word_1_51' title='bbox 1828 939 1902 981; x_wconf 90' lang='lat' dir='ltr'>ne</span> <span class='ocrx_word' id='word_1_52' title='bbox 1962 920 2037 980; x_wconf 91' lang='lat' dir='ltr'>sit</span> <span class='ocrx_word' id='word_1_53' title='bbox 2110 920 2528 999; x_wconf 87' lang='lat' dir='ltr'>impedimento</span> <span class='ocrx_word' id='word_1_54' title='bbox 2588 919 2856 997; x_wconf 81' lang='lat' dir='ltr'>sequenti</span> <span class='ocrx_word' id='word_1_55' title='bbox 2918 920 3131 990; x_wconf 81' lang='lat' dir='ltr'>versui,</span> 
     </span>
     <span class='ocr_line' id='line_1_7' title="bbox 539 1020 3170 1105; baseline -0.003 -22"><span class='ocrx_word' id='word_1_56' title='bbox 539 1023 680 1099; x_wconf 85' lang='lat' dir='ltr'>quin</span> <span class='ocrx_word' id='word_1_57' title='bbox 727 1022 994 1083; x_wconf 70' lang='lat' dir='ltr'>celeriter</span> <span class='ocrx_word' id='word_1_58' title='bbox 1042 1023 1297 1103; x_wconf 76' lang='lat' dir='ltr'>incipiat.</span> <span class='ocrx_word' id='word_1_59' title='bbox 1386 1033 1686 1105; x_wconf 87' lang='lat' dir='ltr'>praeterea</span> <span class='ocrx_word' id='word_1_60' title='bbox 1743 1023 2017 1083; x_wconf 82' lang='lat' dir='ltr'>(licuntur</span> <span class='ocrx_word' id='word_1_61' title='bbox 2084 1020 2564 1100; x_wconf 64' lang='lat' dir='ltr'>hypercatalecti‚</span> <span class='ocrx_word' id='word_1_62' title='bbox 2611 1022 2823 1098; x_wconf 88' lang='lat' dir='ltr'>quibus</span> <span class='ocrx_word' id='word_1_63' title='bbox 2869 1020 3170 1080; x_wconf 74' lang='lat' dir='ltr'>abundats</span> 
     </span>
     <span class='ocr_line' id='line_1_8' title="bbox 544 1121 3131 1203; baseline -0.001 -18"><span class='ocrx_word' id='word_1_64' title='bbox 544 1145 656 1185; x_wconf 86' lang='lat' dir='ltr'>una</span> <span class='ocrx_word' id='word_1_65' title='bbox 704 1125 788 1183; x_wconf 74' lang='lat' dir='ltr'>vel</span> <span class='ocrx_word' id='word_1_66' title='bbox 824 1124 974 1184; x_wconf 88' lang='lat' dir='ltr'>duae</span> <span class='ocrx_word' id='word_1_67' title='bbox 1019 1125 1304 1203; x_wconf 66' lang='lat' dir='ltr'>syllabae,</span> <span class='ocrx_word' id='word_1_68' title='bbox 1352 1135 1411 1186; x_wconf 87' lang='lat' dir='ltr'>ut</span> <span class='ocrx_word' id='word_1_69' title='bbox 1455 1125 1833 1185; x_wconf 66' lang='lat' dir='ltr'>novenarium</span> <span class='ocrx_word' id='word_1_70' title='bbox 1868 1122 2267 1195; x_wconf 82' lang='lat' dir='ltr'>Pindaricum,</span> <span class='ocrx_word' id='word_1_71' title='bbox 2315 1124 2502 1200; x_wconf 82' lang='lat' dir='ltr'>quod,</span> <span class='ocrx_word' id='word_1_72' title='bbox 2548 1143 2678 1183; x_wconf 77' lang='lat' dir='ltr'>cum</span> <span class='ocrx_word' id='word_1_73' title='bbox 2718 1123 2791 1182; x_wconf 83' lang='lat' dir='ltr'>sit</span> <span class='ocrx_word' id='word_1_74' title='bbox 2822 1121 3131 1182; x_wconf 85' lang='lat' dir='ltr'>dimetrum</span> 
     </span>
     <span class='ocr_line' id='line_1_9' title="bbox 547 1224 2776 1305; baseline -0 -20"><span class='ocrx_word' id='word_1_75' title='bbox 547 1225 888 1297; x_wconf 79' lang='lat' dir='ltr'>iambicum,</span> <span class='ocrx_word' id='word_1_76' title='bbox 938 1226 1112 1292; x_wconf 85' lang='lat' dir='ltr'>babet</span> <span class='ocrx_word' id='word_1_77' title='bbox 1155 1236 1350 1294; x_wconf 82' lang='lat' dir='ltr'>tamen</span> <span class='ocrx_word' id='word_1_78' title='bbox 1397 1246 1570 1287; x_wconf 87' lang='lat' dir='ltr'>unam</span> <span class='ocrx_word' id='word_1_79' title='bbox 1619 1227 1897 1305; x_wconf 75' lang='lat' dir='ltr'>syllabam</span> <span class='ocrx_word' id='word_1_80' title='bbox 1943 1224 2076 1304; x_wconf 84' lang='lat' dir='ltr'>plus</span> <span class='ocrx_word' id='word_1_81' title='bbox 2121 1225 2177 1285; x_wconf 90' lang='lat' dir='ltr'>in</span> <span class='ocrx_word' id='word_1_82' title='bbox 2228 1227 2371 1284; x_wconf 79' lang='lat' dir='ltr'>tine:</span> <span class='ocrx_word' id='word_1_83' title='bbox 2420 1224 2776 1284; x_wconf 78' lang='lat' dir='ltr'>Horatius</span> 
     </span>
     <span class='ocr_line' id='line_1_10' title="bbox 849 1326 1946 1405; baseline 0.001 -20"><span class='ocrx_word' id='word_1_84' title='bbox 849 1326 1082 1387; x_wconf 62' lang='lat' dir='ltr'>silaevae</span> <span class='ocrx_word' id='word_1_85' title='bbox 1128 1327 1566 1388; x_wconf 73' lang='lat' dir='ltr'>laborantes</span> <span class='ocrx_word' id='word_1_86' title='bbox 1609 1326 1946 1405; x_wconf 84' lang='lat' dir='ltr'>geluque.</span> 
     </span>
     <span class='ocr_line' id='line_1_11' title="bbox 477 1426 3134 1507; baseline -0 -20"><span class='ocrx_word' id='word_1_87' title='bbox 477 1429 509 1478; x_wconf 84' lang='lat'>5</span> <span class='ocrx_word' id='word_1_88' title='bbox 546 1427 1032 1507; x_wconf 67' lang='lat' dir='ltr'>brachycataleoti</span> <span class='ocrx_word' id='word_1_89' title='bbox 1077 1429 1349 1490; x_wconf 77' lang='lat' dir='ltr'>(licuntur</span> <span class='ocrx_word' id='word_1_90' title='bbox 1378 1429 1435 1488; x_wconf 90' lang='lat' dir='ltr'>in</span> <span class='ocrx_word' id='word_1_91' title='bbox 1471 1429 1734 1488; x_wconf 76' lang='lat' dir='ltr'>iambicis</span> <span class='ocrx_word' id='word_1_92' title='bbox 1767 1426 1831 1488; x_wconf 82' lang='lat' dir='ltr'>‘et</span> <span class='ocrx_word' id='word_1_93' title='bbox 1872 1426 2191 1500; x_wconf 79' lang='lat' dir='ltr'>similibuS‚</span> <span class='ocrx_word' id='word_1_94' title='bbox 2232 1427 2443 1505; x_wconf 80' lang='lat' dir='ltr'>quihus</span> <span class='ocrx_word' id='word_1_95' title='bbox 2487 1427 2651 1486; x_wconf 85' lang='lat' dir='ltr'>deest</span> <span class='ocrx_word' id='word_1_96' title='bbox 2693 1447 2803 1487; x_wconf 91' lang='lat' dir='ltr'>una</span> <span class='ocrx_word' id='word_1_97' title='bbox 2852 1427 2937 1488; x_wconf 85' lang='lat' dir='ltr'>vel</span> <span class='ocrx_word' id='word_1_98' title='bbox 2985 1428 3134 1488; x_wconf 88' lang='lat' dir='ltr'>duae</span> 
     </span>
     <span class='ocr_line' id='line_1_12' title="bbox 546 1528 3204 1612; baseline -0.003 -22"><span class='ocrx_word' id='word_1_99' title='bbox 546 1530 830 1609; x_wconf 74' lang='lat' dir='ltr'>syllabae,</span> <span class='ocrx_word' id='word_1_100' title='bbox 881 1538 944 1590; x_wconf 91' lang='lat' dir='ltr'>ut</span> <span class='ocrx_word' id='word_1_101' title='bbox 988 1537 1076 1590; x_wconf 88' lang='lat' dir='ltr'>est</span> <span class='ocrx_word' id='word_1_102' title='bbox 1125 1531 1418 1591; x_wconf 85' lang='lat' dir='ltr'>senarium</span> <span class='ocrx_word' id='word_1_103' title='bbox 1462 1529 1770 1612; x_wconf 67' lang='lat' dir='ltr'>iambipum</span> <span class='ocrx_word' id='word_1_104' title='bbox 1818 1529 2099 1601; x_wconf 85' lang='lat' dir='ltr'>eolobon‚</span> <span class='ocrx_word' id='word_1_105' title='bbox 2136 1537 2213 1588; x_wconf 86' lang='lat' dir='ltr'>-ut</span> <span class='ocrx_word' id='word_1_106' title='bbox 2255 1528 2614 1587; x_wconf 75' lang='lat' dir='ltr'>Horatius</span> <span class='ocrx_word' id='word_1_107' title='bbox 3154 1545 3204 1582; x_wconf 77' lang='grc' dir='ltr'>ιο</span> 
     </span>
     <span class='ocr_line' id='line_1_13' title="bbox 852 1631 2102 1692; baseline -0.001 -2"><span class='ocrx_word' id='word_1_108' title='bbox 852 1650 998 1691; x_wconf 89' lang='lat' dir='ltr'>mea</span> <span class='ocrx_word' id='word_1_109' title='bbox 1047 1632 1351 1692; x_wconf 78' lang='lat' dir='ltr'>renidet</span> <span class='ocrx_word' id='word_1_110' title='bbox 1394 1632 1464 1691; x_wconf 93' lang='lat' dir='ltr'>in</span> <span class='ocrx_word' id='word_1_111' title='bbox 1511 1631 1719 1692; x_wconf 88' lang='lat' dir='ltr'>domo</span> <span class='ocrx_word' id='word_1_112' title='bbox 1765 1631 2102 1690; x_wconf 73' lang='lat' dir='ltr'>lacunar.</span> 
     </span>
     <span class='ocr_line' id='line_1_14' title="bbox 546 1715 3132 1813; baseline -0 -21"><span class='ocrx_word' id='word_1_113' title='bbox 546 1752 651 1812; x_wconf 90' lang='lat' dir='ltr'>per</span> <span class='ocrx_word' id='word_1_114' title='bbox 691 1733 818 1792; x_wconf 81' lang='lat' dir='ltr'>cola</span> <span class='ocrx_word' id='word_1_115' title='bbox 859 1731 1062 1793; x_wconf 85' lang='lat' dir='ltr'>divisio</span> <span class='ocrx_word' id='word_1_116' title='bbox 1108 1742 1341 1813; x_wconf 83' lang='lat' dir='ltr'>separat</span> <span class='ocrx_word' id='word_1_117' title='bbox 1380 1734 1633 1810; x_wconf 85' lang='lat' dir='ltr'>integras</span> <span class='ocrx_word' id='word_1_118' title='bbox 1673 1744 1872 1811; x_wconf 86' lang='lat' dir='ltr'>partes</span> <span class='ocrx_word' id='word_1_119' title='bbox 1915 1734 2227 1805; x_wconf 82' lang='lat' dir='ltr'>orationis,</span> <span class='ocrx_word' id='word_1_120' title='bbox 2270 1750 2376 1811; x_wconf 88' lang='lat' dir='ltr'>per</span> <span class='ocrx_word' id='word_1_121' title='bbox 2408 1715 2587 1810; x_wconf 82' lang='lat' dir='ltr'>pedes</span> <span class='ocrx_word' id='word_1_122' title='bbox 2631 1752 2763 1792; x_wconf 76' lang='lat' dir='ltr'>vero</span> <span class='ocrx_word' id='word_1_123' title='bbox 2808 1731 3132 1792; x_wconf 85' lang='lat' dir='ltr'>secundum</span> 
     </span>
     <span class='ocr_line' id='line_1_15' title="bbox 549 1834 3133 1915; baseline -0 -21"><span class='ocrx_word' id='word_1_124' title='bbox 549 1835 717 1896; x_wconf 86' lang='lat' dir='ltr'>metri</span> <span class='ocrx_word' id='word_1_125' title='bbox 758 1836 1074 1908; x_wconf 87' lang='lat' dir='ltr'>rationem,</span> <span class='ocrx_word' id='word_1_126' title='bbox 1123 1844 1181 1894; x_wconf 93' lang='lat' dir='ltr'>et</span> <span class='ocrx_word' id='word_1_127' title='bbox 1223 1854 1328 1915; x_wconf 90' lang='lat' dir='ltr'>per</span> <span class='ocrx_word' id='word_1_128' title='bbox 1371 1843 1653 1895; x_wconf 86' lang='lat' dir='ltr'>commata</span> <span class='ocrx_word' id='word_1_129' title='bbox 1696 1835 1980 1894; x_wconf 87' lang='lat' dir='ltr'>similiter.</span> <span class='ocrx_word' id='word_1_130' title='bbox 2046 1842 2333 1894; x_wconf 88' lang='lat' dir='ltr'>commata</span> <span class='ocrx_word' id='word_1_131' title='bbox 2375 1844 2566 1893; x_wconf 89' lang='lat' dir='ltr'>autem</span> <span class='ocrx_word' id='word_1_132' title='bbox 2611 1842 2744 1893; x_wconf 88' lang='lat' dir='ltr'>sunt</span> <span class='ocrx_word' id='word_1_133' title='bbox 2793 1834 2917 1906; x_wconf 85' lang='lat' dir='ltr'>tria,</span> <span class='ocrx_word' id='word_1_134' title='bbox 2964 1835 3133 1893; x_wconf 86' lang='lat' dir='ltr'>tertia</span> 
     </span>
     <span class='ocr_line' id='line_1_16' title="bbox 550 1935 3133 2018; baseline 0.001 -24"><span class='ocrx_word' id='word_1_135' title='bbox 550 1943 638 1995; x_wconf 92' lang='lat' dir='ltr'>tro</span> <span class='ocrx_word' id='word_1_136' title='bbox 663 1936 907 2018; x_wconf 63' lang='lat' dir='ltr'>lemica,</span> <span class='ocrx_word' id='word_1_137' title='bbox 968 1937 1380 2014; x_wconf 84' lang='lat' dir='ltr'>semiquinaria</span> <span class='ocrx_word' id='word_1_138' title='bbox 1443 1944 1500 1995; x_wconf 89' lang='lat' dir='ltr'>et</span> <span class='ocrx_word' id='word_1_139' title='bbox 1557 1936 2054 2015; x_wconf 84' lang='lat' dir='ltr'>semiseptenaria.</span> <span class='ocrx_word' id='word_1_140' title='bbox 2143 1944 2347 2014; x_wconf 84' lang='lat' dir='ltr'>quarta</span> <span class='ocrx_word' id='word_1_141' title='bbox 2408 1936 2560 1996; x_wconf 87' lang='lat' dir='ltr'>enim</span> <span class='ocrx_word' id='word_1_142' title='bbox 2623 1935 2883 1995; x_wconf 80' lang='lat' dir='ltr'>bucolica</span> <span class='ocrx_word' id='word_1_143' title='bbox 2948 1935 3133 2012; x_wconf 83' lang='lat' dir='ltr'>magis</span> 
     </span>
     <span class='ocr_line' id='line_1_17' title="bbox 547 2037 3205 2116; baseline -0.002 -20"><span class='ocrx_word' id='word_1_144' title='bbox 547 2037 747 2115; x_wconf 75' lang='lat' dir='ltr'>passio</span> <span class='ocrx_word' id='word_1_145' title='bbox 781 2045 900 2110; x_wconf 87' lang='lat' dir='ltr'>est,</span> <span class='ocrx_word' id='word_1_146' title='bbox 952 2038 1105 2098; x_wconf 87' lang='lat' dir='ltr'>sicut</span> <span class='ocrx_word' id='word_1_147' title='bbox 1149 2038 1449 2116; x_wconf 87' lang='lat' dir='ltr'>hemiepes</span> <span class='ocrx_word' id='word_1_148' title='bbox 1483 2047 1541 2097; x_wconf 88' lang='lat' dir='ltr'>et</span> <span class='ocrx_word' id='word_1_149' title='bbox 1572 2047 1773 2115; x_wconf 84' lang='lat' dir='ltr'>quarta</span> <span class='ocrx_word' id='word_1_150' title='bbox 1827 2038 2120 2097; x_wconf 78' lang='lat' dir='ltr'>trochaica</span> <span class='ocrx_word' id='word_1_151' title='bbox 2166 2046 2224 2096; x_wconf 92' lang='lat' dir='ltr'>et</span> <span class='ocrx_word' id='word_1_152' title='bbox 2264 2056 2412 2115; x_wconf 89' lang='lat' dir='ltr'>quae</span> <span class='ocrx_word' id='word_1_153' title='bbox 2457 2037 2971 2115; x_wconf 63' lang='lat' dir='ltr'>inveniuntur‘per</span> <span class='ocrx_word' id='word_1_154' title='bbox 3015 2037 3205 2095; x_wconf 72' lang='lat' dir='ltr'>sin-15</span> 
     </span>
     <span class='ocr_line' id='line_1_18' title="bbox 481 2138 3138 2218; baseline -0 -21"><span class='ocrx_word' id='word_1_155' title='bbox 481 2149 515 2197; x_wconf 77' lang='grc'><strong>6</strong></span> <span class='ocrx_word' id='word_1_156' title='bbox 548 2138 716 2212; x_wconf 73' lang='lat' dir='ltr'>gulos</span> <span class='ocrx_word' id='word_1_157' title='bbox 757 2138 957 2217; x_wconf 77' lang='lat' dir='ltr'>pedes,</span> <span class='ocrx_word' id='word_1_158' title='bbox 1048 2159 1328 2200; x_wconf 84' lang='lat' dir='ltr'>caesurae</span> <span class='ocrx_word' id='word_1_159' title='bbox 1376 2158 1510 2199; x_wconf 79' lang='lat' dir='ltr'>vero</span> <span class='ocrx_word' id='word_1_160' title='bbox 1548 2158 1784 2200; x_wconf 84' lang='lat' dir='ltr'>cursum</span> <span class='ocrx_word' id='word_1_161' title='bbox 1829 2147 1889 2199; x_wconf 90' lang='lat' dir='ltr'>et</span> <span class='ocrx_word' id='word_1_162' title='bbox 1932 2139 2221 2218; x_wconf 68' lang='lat' dir='ltr'>rythmum</span> <span class='ocrx_word' id='word_1_163' title='bbox 2266 2138 2539 2197; x_wconf 87' lang='lat' dir='ltr'>leviorem</span> <span class='ocrx_word' id='word_1_164' title='bbox 2587 2138 2779 2198; x_wconf 87' lang='lat' dir='ltr'>solent</span> <span class='ocrx_word' id='word_1_165' title='bbox 2822 2141 3032 2210; x_wconf 78' lang='lat' dir='ltr'>facere,</span> <span class='ocrx_word' id='word_1_166' title='bbox 3079 2147 3138 2197; x_wconf 90' lang='lat' dir='ltr'>et</span> 
     </span>
     <span class='ocr_line' id='line_1_19' title="bbox 551 2239 3137 2301; baseline 0 -3"><span class='ocrx_word' id='word_1_167' title='bbox 551 2259 794 2300; x_wconf 88' lang='lat' dir='ltr'>neeesse</span> <span class='ocrx_word' id='word_1_168' title='bbox 851 2249 942 2301; x_wconf 87' lang='lat' dir='ltr'>est</span> <span class='ocrx_word' id='word_1_169' title='bbox 997 2240 1083 2299; x_wconf 83' lang='lat' dir='ltr'>vel</span> <span class='ocrx_word' id='word_1_170' title='bbox 1131 2260 1308 2300; x_wconf 87' lang='lat' dir='ltr'>unam</span> <span class='ocrx_word' id='word_1_171' title='bbox 1351 2240 1438 2300; x_wconf 82' lang='lat' dir='ltr'>vel</span> <span class='ocrx_word' id='word_1_172' title='bbox 1496 2241 1641 2301; x_wconf 89' lang='lat' dir='ltr'>duas</span> <span class='ocrx_word' id='word_1_173' title='bbox 1695 2260 1972 2301; x_wconf 85' lang='lat' dir='ltr'>caesuras</span> <span class='ocrx_word' id='word_1_174' title='bbox 2020 2241 2074 2301; x_wconf 92' lang='lat' dir='ltr'>in</span> <span class='ocrx_word' id='word_1_175' title='bbox 2136 2259 2302 2301; x_wconf 77' lang='lat' dir='ltr'>versu</span> <span class='ocrx_word' id='word_1_176' title='bbox 2349 2239 2608 2299; x_wconf 76' lang='lat' dir='ltr'>inveniri.</span> <span class='ocrx_word' id='word_1_177' title='bbox 2699 2259 2832 2299; x_wconf 89' lang='lat' dir='ltr'>nam</span> <span class='ocrx_word' id='word_1_178' title='bbox 2880 2250 3001 2299; x_wconf 92' lang='lat' dir='ltr'>tres</span> <span class='ocrx_word' id='word_1_179' title='bbox 3045 2258 3137 2299; x_wconf 85' lang='lat' dir='ltr'>ra-</span> 
     </span>
     <span class='ocr_line' id='line_1_20' title="bbox 550 2338 3135 2423; baseline 0 -24"><span class='ocrx_word' id='word_1_180' title='bbox 550 2340 780 2400; x_wconf 86' lang='lat' dir='ltr'>rissime</span> <span class='ocrx_word' id='word_1_181' title='bbox 820 2338 829 2423; x_wconf 80' lang='grc' dir='ltr'>Ι</span> <span class='ocrx_word' id='word_1_182' title='bbox 867 2350 1120 2420; x_wconf 86' lang='lat' dir='ltr'>possunt</span> <span class='ocrx_word' id='word_1_183' title='bbox 1160 2343 1217 2403; x_wconf 90' lang='lat' dir='ltr'>in</span> <span class='ocrx_word' id='word_1_184' title='bbox 1261 2343 1469 2401; x_wconf 87' lang='lat' dir='ltr'>eodem</span> <span class='ocrx_word' id='word_1_185' title='bbox 1509 2362 1676 2403; x_wconf 75' lang='lat' dir='ltr'>versu</span> <span class='ocrx_word' id='word_1_186' title='bbox 1714 2362 1863 2403; x_wconf 87' lang='lat' dir='ltr'>esse.</span> <span class='ocrx_word' id='word_1_187' title='bbox 1914 2360 2049 2401; x_wconf 87' lang='lat' dir='ltr'>nam</span> <span class='ocrx_word' id='word_1_188' title='bbox 2086 2342 2132 2401; x_wconf 90' lang='lat' dir='ltr'>si</span> <span class='ocrx_word' id='word_1_189' title='bbox 2168 2340 2637 2418; x_wconf 87' lang='lat' dir='ltr'>semiquinariam</span> <span class='ocrx_word' id='word_1_190' title='bbox 2676 2342 2870 2412; x_wconf 83' lang='lat' dir='ltr'>habet,</span> <span class='ocrx_word' id='word_1_191' title='bbox 2904 2347 3135 2400; x_wconf 74' lang='lat' dir='ltr'>tertiam</span> 
     </span>
     <span class='ocr_line' id='line_1_21' title="bbox 552 2442 3138 2523; baseline 0 -23"><span class='ocrx_word' id='word_1_192' title='bbox 552 2442 905 2501; x_wconf 76' lang='lat' dir='ltr'>trochaicam</span> <span class='ocrx_word' id='word_1_193' title='bbox 954 2443 1170 2504; x_wconf 88' lang='lat' dir='ltr'>hahere</span> <span class='ocrx_word' id='word_1_194' title='bbox 1215 2463 1347 2506; x_wconf 89' lang='lat' dir='ltr'>raro</span> <span class='ocrx_word' id='word_1_195' title='bbox 1395 2452 1618 2523; x_wconf 84' lang='lat' dir='ltr'>potest,</span> <span class='ocrx_word' id='word_1_196' title='bbox 1668 2444 1778 2504; x_wconf 88' lang='lat' dir='ltr'>nisi</span> <span class='ocrx_word' id='word_1_197' title='bbox 1827 2444 2058 2520; x_wconf 87' lang='lat' dir='ltr'>quando</span> <span class='ocrx_word' id='word_1_198' title='bbox 2106 2442 2503 2522; x_wconf 75' lang='lat' dir='ltr'>monosyllaba</span> <span class='ocrx_word' id='word_1_199' title='bbox 2550 2443 2776 2503; x_wconf 90' lang='lat' dir='ltr'>intersit</span> <span class='ocrx_word' id='word_1_200' title='bbox 2820 2443 3025 2518; x_wconf 84' lang='lat' dir='ltr'>dictio,</span> <span class='ocrx_word' id='word_1_201' title='bbox 3074 2450 3138 2502; x_wconf 88' lang='lat' dir='ltr'>ut</span> 
     </span>
     <span class='ocr_line' id='line_1_22' title="bbox 854 2544 3203 2624; baseline -0.001 -21"><span class='ocrx_word' id='word_1_202' title='bbox 854 2562 1096 2604; x_wconf 86' lang='lat' dir='ltr'>munera</span> <span class='ocrx_word' id='word_1_203' title='bbox 1139 2544 1291 2606; x_wconf 85' lang='lat' dir='ltr'>clara</span> <span class='ocrx_word' id='word_1_204' title='bbox 1336 2546 1519 2619; x_wconf 83' lang='lat' dir='ltr'>dedit,</span> <span class='ocrx_word' id='word_1_205' title='bbox 1565 2545 1662 2605; x_wconf 85' lang='lat' dir='ltr'>dat</span> <span class='ocrx_word' id='word_1_206' title='bbox 1697 2554 1753 2605; x_wconf 86' lang='lat' dir='ltr'>et</span> <span class='ocrx_word' id='word_1_207' title='bbox 1798 2545 1950 2604; x_wconf 88' lang='lat' dir='ltr'>idem</span> <span class='ocrx_word' id='word_1_208' title='bbox 1997 2545 2185 2605; x_wconf 91' lang='lat' dir='ltr'>debita</span> <span class='ocrx_word' id='word_1_209' title='bbox 2225 2546 2393 2624; x_wconf 87' lang='lat' dir='ltr'>patri.</span> <span class='ocrx_word' id='word_1_210' title='bbox 3149 2561 3203 2600; x_wconf 63' lang='grc' dir='ltr'>πο</span> 
     </span>
     <span class='ocr_line' id='line_1_23' title="bbox 553 2645 3135 2723; baseline 0.001 -21"><span class='ocrx_word' id='word_1_211' title='bbox 553 2652 609 2702; x_wconf 91' lang='lat' dir='ltr'>et</span> <span class='ocrx_word' id='word_1_212' title='bbox 656 2662 688 2702; x_wconf 91' lang='lat' dir='ltr'>e</span> <span class='ocrx_word' id='word_1_213' title='bbox 733 2645 1057 2718; x_wconf 85' lang='lat' dir='ltr'>eontrari0‚</span> <span class='ocrx_word' id='word_1_214' title='bbox 1117 2647 1163 2706; x_wconf 91' lang='lat' dir='ltr'>si</span> <span class='ocrx_word' id='word_1_215' title='bbox 1228 2647 1875 2707; x_wconf 83' lang='lat' dir='ltr'>tertiam·troehaieam</span> <span class='ocrx_word' id='word_1_216' title='bbox 1932 2646 2137 2720; x_wconf 85' lang='lat' dir='ltr'>habet,</span> <span class='ocrx_word' id='word_1_217' title='bbox 2207 2647 2677 2723; x_wconf 85' lang='lat' dir='ltr'>semiquinariam</span> <span class='ocrx_word' id='word_1_218' title='bbox 2732 2646 2948 2706; x_wconf 89' lang='lat' dir='ltr'>habere</span> <span class='ocrx_word' id='word_1_219' title='bbox 3004 2664 3135 2707; x_wconf 92' lang='lat' dir='ltr'>raro</span> 
     </span>
     <span class='ocr_line' id='line_1_24' title="bbox 554 2747 3136 2828; baseline 0 -22"><span class='ocrx_word' id='word_1_220' title='bbox 554 2754 762 2825; x_wconf 87' lang='lat' dir='ltr'>potest.</span> <span class='ocrx_word' id='word_1_221' title='bbox 834 2766 939 2827; x_wconf 86' lang='lat' dir='ltr'>per</span> <span class='ocrx_word' id='word_1_222' title='bbox 977 2748 1158 2827; x_wconf 88' lang='lat' dir='ltr'>pedes</span> <span class='ocrx_word' id='word_1_223' title='bbox 1190 2749 1249 2809; x_wconf 91' lang='lat' dir='ltr'>in</span> <span class='ocrx_word' id='word_1_224' title='bbox 1294 2749 1550 2828; x_wconf 82' lang='lat' dir='ltr'>quinque</span> <span class='ocrx_word' id='word_1_225' title='bbox 1595 2747 1867 2809; x_wconf 78' lang='lat' dir='ltr'>dividitur</span> <span class='ocrx_word' id='word_1_226' title='bbox 1910 2748 2005 2809; x_wconf 81' lang='lat' dir='ltr'>hic.</span> <span class='ocrx_word' id='word_1_227' title='bbox 2051 2768 2253 2810; x_wconf 79' lang='lat' dir='ltr'>versus</span> <span class='ocrx_word' id='word_1_228' title='bbox 2293 2767 2598 2821; x_wconf 82' lang='lat' dir='ltr'>caesuras,</span> <span class='ocrx_word' id='word_1_229' title='bbox 2646 2748 2780 2826; x_wconf 82' lang='lat' dir='ltr'>quia</span> <span class='ocrx_word' id='word_1_230' title='bbox 2812 2767 2911 2808; x_wconf 81' lang='lat' dir='ltr'>sex</span> <span class='ocrx_word' id='word_1_231' title='bbox 2956 2747 3136 2827; x_wconf 87' lang='lat' dir='ltr'>pedes</span> 
     </span>
     <span class='ocr_line' id='line_1_25' title="bbox 488 2849 3136 2930; baseline 0 -22"><span class='ocrx_word' id='word_1_232' title='bbox 488 2872 517 2919; x_wconf 87' lang='lat'><strong>7</strong></span> <span class='ocrx_word' id='word_1_233' title='bbox 553 2850 811 2927; x_wconf 83' lang='lat' dir='ltr'>quinque</span> <span class='ocrx_word' id='word_1_234' title='bbox 857 2849 1074 2909; x_wconf 89' lang='lat' dir='ltr'>habent</span> <span class='ocrx_word' id='word_1_235' title='bbox 1121 2851 1594 2930; x_wconf 78' lang='lat' dir='ltr'>interruptiones,</span> <span class='ocrx_word' id='word_1_236' title='bbox 1687 2851 1845 2921; x_wconf 87' lang='lat' dir='ltr'>Quot</span> <span class='ocrx_word' id='word_1_237' title='bbox 1890 2854 2203 2929; x_wconf 81' lang='lat' dir='ltr'>figurarum</span> <span class='ocrx_word' id='word_1_238' title='bbox 2252 2859 2341 2911; x_wconf 90' lang='lat' dir='ltr'>est</span> <span class='ocrx_word' id='word_1_239' title='bbox 2388 2851 2657 2911; x_wconf 81' lang='lat' dir='ltr'>heroicus</span> <span class='ocrx_word' id='word_1_240' title='bbox 2703 2849 2950 2910; x_wconf 76' lang='lat' dir='ltr'>versus?</span> <span class='ocrx_word' id='word_1_241' title='bbox 3010 2850 3136 2909; x_wconf 90' lang='lat' dir='ltr'>Tri-</span> 
     </span>
     <span class='ocr_line' id='line_1_26' title="bbox 551 2951 3135 3032; baseline -0 -22"><span class='ocrx_word' id='word_1_242' title='bbox 551 2951 707 3028; x_wconf 83' lang='lat' dir='ltr'>ginta</span> <span class='ocrx_word' id='word_1_243' title='bbox 749 2959 806 3010; x_wconf 89' lang='lat' dir='ltr'>et</span> <span class='ocrx_word' id='word_1_244' title='bbox 841 2951 1106 3011; x_wconf 87' lang='lat' dir='ltr'>duarum.</span> <span class='ocrx_word' id='word_1_245' title='bbox 1200 2952 1550 3022; x_wconf 73' lang='lat' dir='ltr'>Quomodo?</span> <span class='ocrx_word' id='word_1_246' title='bbox 1637 2953 1784 3023; x_wconf 80' lang='lat' dir='ltr'>Quia</span> <span class='ocrx_word' id='word_1_247' title='bbox 1828 2953 2086 3030; x_wconf 87' lang='lat' dir='ltr'>quinque</span> <span class='ocrx_word' id='word_1_248' title='bbox 2129 2952 2387 3032; x_wconf 72' lang='lat' dir='ltr'>dactylos</span> <span class='ocrx_word' id='word_1_249' title='bbox 2422 2951 2506 3010; x_wconf 81' lang='lat' dir='ltr'>vel</span> <span class='ocrx_word' id='word_1_250' title='bbox 2544 2953 2800 3030; x_wconf 80' lang='lat' dir='ltr'>quinque</span> <span class='ocrx_word' id='word_1_251' title='bbox 2840 2952 3135 3030; x_wconf 88' lang='lat' dir='ltr'>spondeos</span> 
     </span>
     <span class='ocr_line' id='line_1_27' title="bbox 551 3052 3203 3131; baseline -0.002 -20"><span class='ocrx_word' id='word_1_252' title='bbox 551 3052 834 3112; x_wconf 81' lang='lat' dir='ltr'>habentes</span> <span class='ocrx_word' id='word_1_253' title='bbox 893 3054 1064 3114; x_wconf 90' lang='lat' dir='ltr'>unius</span> <span class='ocrx_word' id='word_1_254' title='bbox 1125 3062 1260 3113; x_wconf 86' lang='lat' dir='ltr'>suut</span> <span class='ocrx_word' id='word_1_255' title='bbox 1317 3056 1555 3130; x_wconf 81' lang='lat' dir='ltr'>figurae.</span> <span class='ocrx_word' id='word_1_256' title='bbox 1645 3062 1921 3131; x_wconf 87' lang='lat' dir='ltr'>quattuor</span> <span class='ocrx_word' id='word_1_257' title='bbox 1980 3074 2113 3114; x_wconf 82' lang='lat' dir='ltr'>vero</span> <span class='ocrx_word' id='word_1_258' title='bbox 2173 3054 2429 3131; x_wconf 70' lang='lat' dir='ltr'>dactylos</span> <span class='ocrx_word' id='word_1_259' title='bbox 2477 3061 2533 3113; x_wconf 91' lang='lat' dir='ltr'>et</span> <span class='ocrx_word' id='word_1_260' title='bbox 2580 3073 2758 3113; x_wconf 90' lang='lat' dir='ltr'>unum</span> <span class='ocrx_word' id='word_1_261' title='bbox 2805 3052 3203 3131; x_wconf 76' lang='lat' dir='ltr'>spondeum-25</span> 
     </span>
     <span class='ocr_line' id='line_1_28' title="bbox 553 3153 3138 3233; baseline 0 -21"><span class='ocrx_word' id='word_1_262' title='bbox 553 3154 836 3215; x_wconf 87' lang='lat' dir='ltr'>habentes</span> <span class='ocrx_word' id='word_1_263' title='bbox 892 3156 1147 3233; x_wconf 85' lang='lat' dir='ltr'>quinque</span> <span class='ocrx_word' id='word_1_264' title='bbox 1205 3156 1427 3216; x_wconf 81' lang='lat' dir='ltr'>faciunt</span> <span class='ocrx_word' id='word_1_265' title='bbox 1477 3157 1726 3233; x_wconf 61' lang='lat' dir='ltr'>figuram,</span> <span class='ocrx_word' id='word_1_266' title='bbox 1792 3163 1848 3215; x_wconf 91' lang='lat' dir='ltr'>et</span> <span class='ocrx_word' id='word_1_267' title='bbox 1905 3175 1937 3214; x_wconf 92' lang='lat' dir='ltr'>e</span> <span class='ocrx_word' id='word_1_268' title='bbox 1984 3156 2275 3215; x_wconf 88' lang='lat' dir='ltr'>contrario</span> <span class='ocrx_word' id='word_1_269' title='bbox 2326 3174 2394 3213; x_wconf 83' lang='lat' dir='ltr'>ex</span> <span class='ocrx_word' id='word_1_270' title='bbox 2440 3164 2714 3232; x_wconf 83' lang='lat' dir='ltr'>quattuor</span> <span class='ocrx_word' id='word_1_271' title='bbox 2758 3153 3035 3232; x_wconf 85' lang='lat' dir='ltr'>spondeis</span> <span class='ocrx_word' id='word_1_272' title='bbox 3081 3160 3138 3212; x_wconf 90' lang='lat' dir='ltr'>et</span> 
     </span>
     <span class='ocr_line' id='line_1_29' title="bbox 551 3240 3133 3335; baseline -0.002 -18"><span class='ocrx_word' id='word_1_273' title='bbox 551 3277 668 3317; x_wconf 92' lang='lat' dir='ltr'>uno</span> <span class='ocrx_word' id='word_1_274' title='bbox 713 3257 937 3335; x_wconf 69' lang='lat' dir='ltr'>dactylo</span> <span class='ocrx_word' id='word_1_275' title='bbox 971 3258 1589 3335; x_wconf 78' lang='lat' dir='ltr'>quinque-figurarum</span> <span class='ocrx_word' id='word_1_276' title='bbox 1639 3269 1743 3317; x_wconf 88' lang='lat' dir='ltr'>est.</span> <span class='ocrx_word' id='word_1_277' title='bbox 1839 3275 1989 3317; x_wconf 92' lang='lat' dir='ltr'>unus</span> <span class='ocrx_word' id='word_1_278' title='bbox 2012 3240 2180 3316; x_wconf 69' lang='lat' dir='ltr'>‘enim</span> <span class='ocrx_word' id='word_1_279' title='bbox 2229 3256 2383 3316; x_wconf 89' lang='lat' dir='ltr'>inter</span> <span class='ocrx_word' id='word_1_280' title='bbox 2423 3265 2698 3333; x_wconf 79' lang='lat' dir='ltr'>quattuor</span> <span class='ocrx_word' id='word_1_281' title='bbox 2737 3264 2969 3316; x_wconf 90' lang='lat' dir='ltr'>mutans</span> <span class='ocrx_word' id='word_1_282' title='bbox 3010 3256 3133 3314; x_wconf 84' lang='lat' dir='ltr'>loea</span> 
     </span>
     <span class='ocr_line' id='line_1_30' title="bbox 553 3355 3135 3437; baseline -0.001 -20"><span class='ocrx_word' id='word_1_283' title='bbox 553 3360 808 3436; x_wconf 86' lang='lat' dir='ltr'>quinque</span> <span class='ocrx_word' id='word_1_284' title='bbox 848 3359 985 3419; x_wconf 80' lang='lat' dir='ltr'>facit</span> <span class='ocrx_word' id='word_1_285' title='bbox 1024 3361 1257 3434; x_wconf 75' lang='lat' dir='ltr'>figuras,</span> <span class='ocrx_word' id='word_1_286' title='bbox 1348 3359 1433 3419; x_wconf 87' lang='lat' dir='ltr'>sie</span> <span class='ocrx_word' id='word_1_287' title='bbox 1481 3367 1538 3418; x_wconf 86' lang='lat' dir='ltr'>et</span> <span class='ocrx_word' id='word_1_288' title='bbox 1582 3359 1697 3419; x_wconf 92' lang='lat' dir='ltr'>duo</span> <span class='ocrx_word' id='word_1_289' title='bbox 1728 3358 1976 3437; x_wconf 85' lang='lat' dir='ltr'>spondei</span> <span class='ocrx_word' id='word_1_290' title='bbox 2009 3359 2161 3418; x_wconf 90' lang='lat' dir='ltr'>inter</span> <span class='ocrx_word' id='word_1_291' title='bbox 2202 3366 2317 3417; x_wconf 88' lang='lat' dir='ltr'>tres</span> <span class='ocrx_word' id='word_1_292' title='bbox 2365 3358 2625 3437; x_wconf 67' lang='lat' dir='ltr'>dactylos</span> <span class='ocrx_word' id='word_1_293' title='bbox 2665 3368 2723 3419; x_wconf 87' lang='lat' dir='ltr'>et</span> <span class='ocrx_word' id='word_1_294' title='bbox 2766 3358 2881 3417; x_wconf 91' lang='lat' dir='ltr'>duo</span> <span class='ocrx_word' id='word_1_295' title='bbox 2927 3355 3135 3434; x_wconf 67' lang='lat' dir='ltr'>dactyli</span> 
     </span>
     <span class='ocr_line' id='line_1_31' title="bbox 484 3456 3137 3539; baseline -0.002 -17"><span class='ocrx_word' id='word_1_296' title='bbox 484 3476 517 3522; x_wconf 72' lang='grc' dir='ltr'>δ</span> <span class='ocrx_word' id='word_1_297' title='bbox 555 3462 705 3520; x_wconf 88' lang='lat' dir='ltr'>inter</span> <span class='ocrx_word' id='word_1_298' title='bbox 761 3471 881 3521; x_wconf 89' lang='lat' dir='ltr'>tres</span> <span class='ocrx_word' id='word_1_299' title='bbox 935 3462 1232 3539; x_wconf 87' lang='lat' dir='ltr'>spondeos</span> <span class='ocrx_word' id='word_1_300' title='bbox 1286 3469 1580 3521; x_wconf 76' lang='lat' dir='ltr'>mutantes</span> <span class='ocrx_word' id='word_1_301' title='bbox 1631 3461 1756 3521; x_wconf 83' lang='lat' dir='ltr'>loca</span> <span class='ocrx_word' id='word_1_302' title='bbox 1814 3460 1996 3519; x_wconf 87' lang='lat' dir='ltr'>denas</span> <span class='ocrx_word' id='word_1_303' title='bbox 2042 3459 2265 3519; x_wconf 76' lang='lat' dir='ltr'>faciunt</span> <span class='ocrx_word' id='word_1_304' title='bbox 2308 3462 2542 3536; x_wconf 76' lang='lat' dir='ltr'>figuras.</span> <span class='ocrx_word' id='word_1_305' title='bbox 2633 3459 2917 3521; x_wconf 84' lang='lat' dir='ltr'>habemus</span> <span class='ocrx_word' id='word_1_306' title='bbox 2962 3456 3137 3534; x_wconf 75' lang='lat' dir='ltr'>igitur</span> 
     </span>
     <span class='ocr_line' id='line_1_32' title="bbox 552 3560 3205 3641; baseline -0.002 -20"><span class='ocrx_word' id='word_1_307' title='bbox 552 3570 670 3621; x_wconf 88' lang='lat' dir='ltr'>tres</span> <span class='ocrx_word' id='word_1_308' title='bbox 723 3562 960 3631; x_wconf 77' lang='lat' dir='ltr'>modoS‚</span> <span class='ocrx_word' id='word_1_309' title='bbox 1021 3570 1078 3620; x_wconf 92' lang='lat' dir='ltr'>et</span> <span class='ocrx_word' id='word_1_310' title='bbox 1131 3563 1356 3641; x_wconf 88' lang='lat' dir='ltr'>primus</span> <span class='ocrx_word' id='word_1_311' title='bbox 1401 3563 1662 3637; x_wconf 72' lang='lat' dir='ltr'>singulas</span> <span class='ocrx_word' id='word_1_312' title='bbox 1710 3565 1925 3638; x_wconf 78' lang='lat' dir='ltr'>figuras</span> <span class='ocrx_word' id='word_1_313' title='bbox 1970 3561 2146 3620; x_wconf 84' lang='lat' dir='ltr'>habet</span> <span class='ocrx_word' id='word_1_314' title='bbox 2191 3580 2257 3620; x_wconf 81' lang='lat' dir='ltr'>ex</span> <span class='ocrx_word' id='word_1_315' title='bbox 2299 3561 2557 3639; x_wconf 87' lang='lat' dir='ltr'>quinque</span> <span class='ocrx_word' id='word_1_316' title='bbox 2596 3560 2913 3622; x_wconf 83' lang='lat' dir='ltr'>similibus:</span> <span class='ocrx_word' id='word_1_317' title='bbox 2980 3578 3133 3638; x_wconf 88' lang='lat' dir='ltr'>pone</span> <span class='ocrx_word' id='word_1_318' title='bbox 3154 3573 3205 3612; x_wconf 81' lang='lat'>³0</span> 
     </span>
     <span class='ocr_line' id='line_1_33' title="bbox 549 3662 3136 3741; baseline -0.001 -19"><span class='ocrx_word' id='word_1_319' title='bbox 549 3662 725 3738; x_wconf 77' lang='lat' dir='ltr'>igitur</span> <span class='ocrx_word' id='word_1_320' title='bbox 765 3663 910 3722; x_wconf 88' lang='lat' dir='ltr'>duas</span> <span class='ocrx_word' id='word_1_321' title='bbox 954 3665 1188 3739; x_wconf 80' lang='lat' dir='ltr'>figuras.</span> <span class='ocrx_word' id='word_1_322' title='bbox 1281 3663 1610 3736; x_wconf 60' lang='lat' dir='ltr'>secundm,</span> <span class='ocrx_word' id='word_1_323' title='bbox 1671 3664 1767 3741; x_wconf 87' lang='lat' dir='ltr'>qui</span> <span class='ocrx_word' id='word_1_324' title='bbox 1812 3670 1900 3723; x_wconf 78' lang='lat' dir='ltr'>est</span> <span class='ocrx_word' id='word_1_325' title='bbox 1942 3682 2007 3722; x_wconf 87' lang='lat' dir='ltr'>ex</span> <span class='ocrx_word' id='word_1_326' title='bbox 2055 3671 2334 3740; x_wconf 85' lang='lat' dir='ltr'>quattuor</span> <span class='ocrx_word' id='word_1_327' title='bbox 2379 3671 2434 3722; x_wconf 89' lang='lat' dir='ltr'>et</span> <span class='ocrx_word' id='word_1_328' title='bbox 2483 3682 2629 3735; x_wconf 90' lang='lat' dir='ltr'>uno,</span> <span class='ocrx_word' id='word_1_329' title='bbox 2683 3667 2922 3740; x_wconf 81' lang='lat' dir='ltr'>quinas:</span> <span class='ocrx_word' id='word_1_330' title='bbox 2983 3679 3136 3740; x_wconf 86' lang='lat' dir='ltr'>pone</span> 
     </span>
     <span class='ocr_line' id='line_1_34' title="bbox 549 3764 3137 3841; baseline -0.001 -17"><span class='ocrx_word' id='word_1_331' title='bbox 549 3774 609 3824; x_wconf 89' lang='lat' dir='ltr'>et</span> <span class='ocrx_word' id='word_1_332' title='bbox 652 3765 746 3824; x_wconf 88' lang='lat' dir='ltr'>hie</span> <span class='ocrx_word' id='word_1_333' title='bbox 778 3765 980 3824; x_wconf 89' lang='lat' dir='ltr'>decem</span> <span class='ocrx_word' id='word_1_334' title='bbox 1021 3767 1257 3841; x_wconf 81' lang='lat' dir='ltr'>figuras.</span> <span class='ocrx_word' id='word_1_335' title='bbox 1341 3766 1548 3825; x_wconf 86' lang='lat' dir='ltr'>tertius</span> <span class='ocrx_word' id='word_1_336' title='bbox 1595 3766 1805 3825; x_wconf 87' lang='lat' dir='ltr'>modus</span> <span class='ocrx_word' id='word_1_337' title='bbox 1845 3773 1933 3824; x_wconf 91' lang='lat' dir='ltr'>est</span> <span class='ocrx_word' id='word_1_338' title='bbox 1977 3784 2045 3825; x_wconf 80' lang='lat' dir='ltr'>ex</span> <span class='ocrx_word' id='word_1_339' title='bbox 2080 3766 2326 3841; x_wconf 64' lang='lat' dir='ltr'>duoghus</span> <span class='ocrx_word' id='word_1_340' title='bbox 2373 3774 2429 3824; x_wconf 89' lang='lat' dir='ltr'>et</span> <span class='ocrx_word' id='word_1_341' title='bbox 2467 3764 2651 3824; x_wconf 89' lang='lat' dir='ltr'>tribus</span> <span class='ocrx_word' id='word_1_342' title='bbox 2694 3764 2936 3824; x_wconf 85' lang='lat' dir='ltr'>diversis</span> <span class='ocrx_word' id='word_1_343' title='bbox 2977 3782 3137 3822; x_wconf 86' lang='lat' dir='ltr'>eom-</span> 
     </span>
     <span class='ocr_line' id='line_1_35' title="bbox 550 3864 3139 3951; baseline -0 -26"><span class='ocrx_word' id='word_1_344' title='bbox 550 3866 819 3938; x_wconf 79' lang='lat' dir='ltr'>mutatiS‚</span> <span class='ocrx_word' id='word_1_345' title='bbox 866 3866 921 3925; x_wconf 90' lang='lat' dir='ltr'>in</span> <span class='ocrx_word' id='word_1_346' title='bbox 970 3885 1084 3944; x_wconf 89' lang='lat' dir='ltr'>quo</span> <span class='ocrx_word' id='word_1_347' title='bbox 1131 3867 1316 3951; x_wconf 85' lang='lat' dir='ltr'>denae</span> <span class='ocrx_word' id='word_1_348' title='bbox 1363 3867 1734 3927; x_wconf 84' lang='lat' dir='ltr'>inveniuntur</span> <span class='ocrx_word' id='word_1_349' title='bbox 1770 3868 2019 3944; x_wconf 75' lang='lat' dir='ltr'>figurae:</span> <span class='ocrx_word' id='word_1_350' title='bbox 2063 3867 2211 3926; x_wconf 85' lang='lat' dir='ltr'>adde</span> <span class='ocrx_word' id='word_1_351' title='bbox 2258 3868 2429 3927; x_wconf 89' lang='lat' dir='ltr'>etiam</span> <span class='ocrx_word' id='word_1_352' title='bbox 2479 3865 2695 3943; x_wconf 72' lang='lat' dir='ltr'>viginti.</span> <span class='ocrx_word' id='word_1_353' title='bbox 2786 3884 2993 3925; x_wconf 89' lang='lat' dir='ltr'>omnes</span> <span class='ocrx_word' id='word_1_354' title='bbox 3032 3864 3139 3941; x_wconf 84' lang='lat' dir='ltr'>igi-</span> 
     </span>
     <span class='ocr_line' id='line_1_36' title="bbox 550 3966 3134 4047; baseline -0.001 -20"><span class='ocrx_word' id='word_1_355' title='bbox 550 3976 645 4027; x_wconf 90' lang='lat' dir='ltr'>tur</span> <span class='ocrx_word' id='word_1_356' title='bbox 689 3975 823 4027; x_wconf 87' lang='lat' dir='ltr'>sunt</span> <span class='ocrx_word' id='word_1_357' title='bbox 865 3967 1097 4045; x_wconf 87' lang='lat' dir='ltr'>triginta</span> <span class='ocrx_word' id='word_1_358' title='bbox 1145 3977 1202 4028; x_wconf 89' lang='lat' dir='ltr'>et</span> <span class='ocrx_word' id='word_1_359' title='bbox 1248 3969 1398 4029; x_wconf 85' lang='lat' dir='ltr'>duae</span> <span class='ocrx_word' id='word_1_360' title='bbox 1443 3972 1679 4047; x_wconf 81' lang='lat' dir='ltr'>figurae.</span> <span class='ocrx_word' id='word_1_361' title='bbox 1751 3977 1809 4029; x_wconf 88' lang='lat' dir='ltr'>et</span> <span class='ocrx_word' id='word_1_362' title='bbox 1854 3976 1913 4028; x_wconf 85' lang='lat' dir='ltr'>ut</span> <span class='ocrx_word' id='word_1_363' title='bbox 1952 3969 2105 4028; x_wconf 88' lang='lat' dir='ltr'>scias</span> <span class='ocrx_word' id='word_1_364' title='bbox 2144 3969 2317 4029; x_wconf 83' lang='lat' dir='ltr'>etiam</span> <span class='ocrx_word' id='word_1_365' title='bbox 2364 3968 2530 4028; x_wconf 89' lang='lat' dir='ltr'>aliam</span> <span class='ocrx_word' id='word_1_366' title='bbox 2576 3968 2860 4033; x_wconf 88' lang='lat' dir='ltr'>rationem</span> <span class='ocrx_word' id='word_1_367' title='bbox 2907 3966 3134 4027; x_wconf 82' lang='lat' dir='ltr'>numeri</span> 
     </span>
     <span class='ocr_line' id='line_1_37' title="bbox 549 4068 3201 4149; baseline -0.003 -19"><span class='ocrx_word' id='word_1_368' title='bbox 549 4072 894 4147; x_wconf 81' lang='lat' dir='ltr'>figurarum,</span> <span class='ocrx_word' id='word_1_369' title='bbox 952 4070 1009 4129; x_wconf 89' lang='lat' dir='ltr'>iu</span> <span class='ocrx_word' id='word_1_370' title='bbox 1063 4070 1221 4130; x_wconf 88' lang='lat' dir='ltr'>omni</span> <span class='ocrx_word' id='word_1_371' title='bbox 1273 4078 1460 4131; x_wconf 86' lang='lat' dir='ltr'>metro</span> <span class='ocrx_word' id='word_1_372' title='bbox 1508 4078 1813 4149; x_wconf 84' lang='lat' dir='ltr'>computa,</span> <span class='ocrx_word' id='word_1_373' title='bbox 1869 4078 2010 4147; x_wconf 89' lang='lat' dir='ltr'>quot</span> <span class='ocrx_word' id='word_1_374' title='bbox 2059 4071 2239 4149; x_wconf 88' lang='lat' dir='ltr'>pedes</span> <span class='ocrx_word' id='word_1_375' title='bbox 2290 4070 2585 4149; x_wconf 84' lang='lat' dir='ltr'>accipiunt</span> <span class='ocrx_word' id='word_1_376' title='bbox 2629 4068 2855 4146; x_wconf 86' lang='lat' dir='ltr'>singula</span> <span class='ocrx_word' id='word_1_377' title='bbox 2904 4069 3027 4129; x_wconf 81' lang='lat' dir='ltr'>loca</span> <span class='ocrx_word' id='word_1_378' title='bbox 3073 4076 3129 4127; x_wconf 89' lang='lat' dir='ltr'>et</span> <span class='ocrx_word' id='word_1_379' title='bbox 3150 4082 3201 4122; x_wconf 79' lang='lat'>35</span> 
     </span>
    </p>
   </div>
   <div class='ocr_carea' id='block_1_4' title="bbox 546 4271 3137 4962">
    <p class='ocr_par' dir='ltr' id='par_1_4' title="bbox 546 4271 3137 4962">
     <span class='ocr_line' id='line_1_38' title="bbox 685 4271 3136 4339; baseline -0.001 -17"><span class='ocrx_word' id='word_1_380' title='bbox 685 4275 716 4322; x_wconf 79' lang='lat'>4</span> <span class='ocrx_word' id='word_1_381' title='bbox 749 4273 1144 4337; x_wconf 85' lang='lat' dir='ltr'>inpedimentum</span> <span class='ocrx_word' id='word_1_382' title='bbox 1178 4275 1411 4337; x_wconf 83' lang='lat' dir='ltr'>sequenti</span> <span class='ocrx_word' id='word_1_383' title='bbox 1451 4274 1604 4323; x_wconf 87' lang='lat' dir='ltr'>uerbo</span> <span class='ocrx_word' id='word_1_384' title='bbox 1641 4273 1682 4321; x_wconf 87' lang='lat' dir='ltr'><strong><em>S</em></strong></span> <span class='ocrx_word' id='word_1_385' title='bbox 1829 4275 1861 4323; x_wconf 84' lang='lat'>5</span> <span class='ocrx_word' id='word_1_386' title='bbox 1902 4283 2162 4339; x_wconf 82' lang='lat' dir='ltr'>praeterea</span> <span class='ocrx_word' id='word_1_387' title='bbox 2194 4299 2259 4307; x_wconf 90' lang='lat'>—</span> <span class='ocrx_word' id='word_1_388' title='bbox 2312 4273 2367 4322; x_wconf 89' lang='lat'>11</span> <span class='ocrx_word' id='word_1_389' title='bbox 2410 4274 2616 4321; x_wconf 76' lang='lat' dir='ltr'>lacunar</span> <span class='ocrx_word' id='word_1_390' title='bbox 2650 4287 2738 4321; x_wconf 84' lang='lat' dir='ltr'>om.</span> <span class='ocrx_word' id='word_1_391' title='bbox 2779 4271 2820 4319; x_wconf 90' lang='lat' dir='ltr'><strong><em>S</em></strong></span> <span class='ocrx_word' id='word_1_392' title='bbox 2967 4273 2994 4319; x_wconf 88' lang='lat'>7</span> <span class='ocrx_word' id='word_1_393' title='bbox 3034 4271 3136 4331; x_wconf 84' lang='lat' dir='ltr'>Ho-</span> 
     </span>
     <span class='ocr_line' id='line_1_39' title="bbox 547 4339 3134 4408; baseline -0.001 -16"><span class='ocrx_word' id='word_1_394' title='bbox 547 4339 727 4406; x_wconf 87' lang='lat' dir='ltr'>ratius]</span> <span class='ocrx_word' id='word_1_395' title='bbox 784 4358 939 4395; x_wconf 81' lang='lat' dir='ltr'>carm.</span> <span class='ocrx_word' id='word_1_396' title='bbox 982 4344 995 4390; x_wconf 94' lang='grc'><strong>1</strong></span> <span class='ocrx_word' id='word_1_397' title='bbox 1037 4345 1069 4391; x_wconf 75' lang='grc'><strong>9</strong></span> <span class='ocrx_word' id='word_1_398' title='bbox 1108 4346 1139 4394; x_wconf 88' lang='grc'><strong>3</strong></span> <span class='ocrx_word' id='word_1_399' title='bbox 1307 4344 1367 4392; x_wconf 90' lang='grc'>10</span> <span class='ocrx_word' id='word_1_400' title='bbox 1406 4344 1605 4392; x_wconf 68' lang='lat' dir='ltr'>colofon</span> <span class='ocrx_word' id='word_1_401' title='bbox 1648 4345 1689 4394; x_wconf 81' lang='lat' dir='ltr'><em>C</em></span> <span class='ocrx_word' id='word_1_402' title='bbox 1752 4343 2001 4408; x_wconf 84' lang='lat' dir='ltr'>colophon</span> <span class='ocrx_word' id='word_1_403' title='bbox 2044 4346 2085 4391; x_wconf 87' lang='lat' dir='ltr'><em>G</em></span> <span class='ocrx_word' id='word_1_404' title='bbox 2145 4342 2501 4408; x_wconf 89' lang='lat' dir='ltr'>colophonium</span> <span class='ocrx_word' id='word_1_405' title='bbox 2556 4342 2822 4391; x_wconf 61' lang='lat' dir='ltr'>pumenius</span> <span class='ocrx_word' id='word_1_406' title='bbox 2976 4342 3134 4390; x_wconf 78' lang='lat' dir='ltr'>Hora-</span> 
     </span>
     <span class='ocr_line' id='line_1_40' title="bbox 546 4409 3137 4476; baseline -0.002 -15"><span class='ocrx_word' id='word_1_407' title='bbox 546 4409 668 4475; x_wconf 87' lang='lat' dir='ltr'>tius]</span> <span class='ocrx_word' id='word_1_408' title='bbox 710 4428 865 4459; x_wconf 80' lang='lat' dir='ltr'>carm.</span> <span class='ocrx_word' id='word_1_409' title='bbox 905 4416 944 4462; x_wconf 88' lang='grc'>11</span> <span class='ocrx_word' id='word_1_410' title='bbox 991 4414 1067 4471; x_wconf 86' lang='grc'>18,</span> <span class='ocrx_word' id='word_1_411' title='bbox 1099 4416 1130 4463; x_wconf 84' lang='grc'><strong>2</strong></span> <span class='ocrx_word' id='word_1_412' title='bbox 1313 4412 1368 4463; x_wconf 91' lang='lat' dir='ltr'>ll</span> <span class='ocrx_word' id='word_1_413' title='bbox 1413 4414 1623 4462; x_wconf 82' lang='lat' dir='ltr'>redimet</span> <span class='ocrx_word' id='word_1_414' title='bbox 1659 4413 1699 4462; x_wconf 85' lang='lat' dir='ltr'><em>C</em></span> <span class='ocrx_word' id='word_1_415' title='bbox 1837 4414 1991 4462; x_wconf 88' lang='lat' dir='ltr'>domu</span> <span class='ocrx_word' id='word_1_416' title='bbox 2030 4412 2073 4461; x_wconf 98' lang='lat' dir='ltr'><em>G</em></span> <span class='ocrx_word' id='word_1_417' title='bbox 2250 4413 2312 4463; x_wconf 77' lang='lat'>15</span> <span class='ocrx_word' id='word_1_418' title='bbox 2353 4412 2611 4476; x_wconf 86' lang='lat' dir='ltr'>hemiepes</span> <span class='ocrx_word' id='word_1_419' title='bbox 2647 4412 2690 4460; x_wconf 91' lang='lat' dir='ltr'><em>G</em></span> <span class='ocrx_word' id='word_1_420' title='bbox 2736 4410 2964 4475; x_wconf 82' lang='lat' dir='ltr'>hemipes</span> <span class='ocrx_word' id='word_1_421' title='bbox 3002 4411 3044 4460; x_wconf 85' lang='lat' dir='ltr'><em>C</em></span> <span class='ocrx_word' id='word_1_422' title='bbox 3087 4419 3137 4458; x_wconf 87' lang='lat' dir='ltr'>et</span> 
     </span>
     <span class='ocr_line' id='line_1_41' title="bbox 547 4481 3137 4547; baseline -0.001 -18"><span class='ocrx_word' id='word_1_423' title='bbox 547 4482 766 4547; x_wconf 84' lang='lat' dir='ltr'>semipes</span> <span class='ocrx_word' id='word_1_424' title='bbox 814 4482 856 4529; x_wconf 89' lang='lat' dir='ltr'><strong><em>S</em></strong></span> <span class='ocrx_word' id='word_1_425' title='bbox 1025 4493 1073 4531; x_wconf 89' lang='lat' dir='ltr'>et</span> <span class='ocrx_word' id='word_1_426' title='bbox 1123 4490 1302 4544; x_wconf 80' lang='lat' dir='ltr'>quarta</span> <span class='ocrx_word' id='word_1_427' title='bbox 1351 4482 1602 4531; x_wconf 85' lang='lat' dir='ltr'>trochaica</span> <span class='ocrx_word' id='word_1_428' title='bbox 1640 4484 1819 4532; x_wconf 73' lang='lat' dir='ltr'>delevit</span> <span class='ocrx_word' id='word_1_429' title='bbox 1853 4500 1878 4531; x_wconf 77' lang='grc' dir='ltr'><em>ε</em></span> <span class='ocrx_word' id='word_1_430' title='bbox 1937 4491 1985 4531; x_wconf 87' lang='lat' dir='ltr'>et</span> <span class='ocrx_word' id='word_1_431' title='bbox 2031 4483 2181 4531; x_wconf 78' lang='lat' dir='ltr'>tertia</span> <span class='ocrx_word' id='word_1_432' title='bbox 2233 4482 2487 4531; x_wconf 78' lang='lat' dir='ltr'>trochaica</span> <span class='ocrx_word' id='word_1_433' title='bbox 2533 4482 2575 4530; x_wconf 88' lang='lat' dir='ltr'><em>G</em></span> <span class='ocrx_word' id='word_1_434' title='bbox 2741 4481 2800 4529; x_wconf 74' lang='lat'>16</span> <span class='ocrx_word' id='word_1_435' title='bbox 2846 4494 3050 4527; x_wconf 84' lang='lat' dir='ltr'>cursum</span> <span class='ocrx_word' id='word_1_436' title='bbox 3088 4488 3137 4528; x_wconf 86' lang='lat' dir='ltr'>et</span> 
     </span>
     <span class='ocr_line' id='line_1_42' title="bbox 547 4547 2999 4612; baseline -0.001 -15"><span class='ocrx_word' id='word_1_437' title='bbox 547 4550 797 4612; x_wconf 78' lang='lat' dir='ltr'>rythmum</span> <span class='ocrx_word' id='word_1_438' title='bbox 843 4552 884 4600; x_wconf 78' lang='lat' dir='ltr'><em>C</em></span> <span class='ocrx_word' id='word_1_439' title='bbox 939 4566 1142 4600; x_wconf 86' lang='lat' dir='ltr'>uersum</span> <span class='ocrx_word' id='word_1_440' title='bbox 1181 4560 1229 4600; x_wconf 82' lang='lat' dir='ltr'>et</span> <span class='ocrx_word' id='word_1_441' title='bbox 1269 4551 1505 4601; x_wconf 86' lang='lat' dir='ltr'>rithmum</span> <span class='ocrx_word' id='word_1_442' title='bbox 1547 4554 1588 4601; x_wconf 89' lang='lat' dir='ltr'><em>G</em></span> <span class='ocrx_word' id='word_1_443' title='bbox 1625 4568 1826 4601; x_wconf 87' lang='lat' dir='ltr'>cursum</span> <span class='ocrx_word' id='word_1_444' title='bbox 1865 4562 1911 4601; x_wconf 83' lang='lat' dir='ltr'>et</span> <span class='ocrx_word' id='word_1_445' title='bbox 1949 4552 1989 4600; x_wconf 97' lang='lat' dir='ltr'><strong><em>S</em></strong></span> <span class='ocrx_word' id='word_1_446' title='bbox 2136 4552 2193 4600; x_wconf 82' lang='lat'>17</span> <span class='ocrx_word' id='word_1_447' title='bbox 2234 4553 2490 4600; x_wconf 84' lang='lat' dir='ltr'>rarissime</span> <span class='ocrx_word' id='word_1_448' title='bbox 2527 4551 2610 4599; x_wconf 85' lang='lat' dir='ltr'>CG</span> <span class='ocrx_word' id='word_1_449' title='bbox 2648 4564 2921 4612; x_wconf 86' lang='lat' dir='ltr'>numquam</span> <span class='ocrx_word' id='word_1_450' title='bbox 2958 4547 2999 4595; x_wconf 89' lang='lat' dir='ltr'><em>S</em></span> 
     </span>
     <span class='ocr_line' id='line_1_43' title="bbox 555 4619 3136 4671; baseline 0 -5"><span class='ocrx_word' id='word_1_451' title='bbox 555 4620 613 4667; x_wconf 73' lang='lat' dir='ltr'>ts</span> <span class='ocrx_word' id='word_1_452' title='bbox 638 4620 834 4668; x_wconf 83' lang='lat' dir='ltr'>tertiam</span> <span class='ocrx_word' id='word_1_453' title='bbox 859 4635 948 4670; x_wconf 83' lang='lat' dir='ltr'>om.</span> <span class='ocrx_word' id='word_1_454' title='bbox 977 4620 1103 4668; x_wconf 88' lang='lat' dir='ltr'>CGS</span> <span class='ocrx_word' id='word_1_455' title='bbox 1238 4620 1298 4669; x_wconf 80' lang='lat'>19</span> <span class='ocrx_word' id='word_1_456' title='bbox 1332 4620 1515 4671; x_wconf 82' lang='lat' dir='ltr'>habere</span> <span class='ocrx_word' id='word_1_457' title='bbox 1556 4635 1653 4670; x_wconf 88' lang='lat' dir='ltr'>uon</span> <span class='ocrx_word' id='word_1_458' title='bbox 1739 4632 1868 4670; x_wconf 83' lang='lat' dir='ltr'>otest</span> <span class='ocrx_word' id='word_1_459' title='bbox 1905 4630 1953 4670; x_wconf 87' lang='lat' dir='ltr'>et</span> <span class='ocrx_word' id='word_1_460' title='bbox 1991 4636 2017 4668; x_wconf 88' lang='lat' dir='ltr'>e</span> <span class='ocrx_word' id='word_1_461' title='bbox 2056 4622 2306 4669; x_wconf 85' lang='lat' dir='ltr'>contrario</span> <span class='ocrx_word' id='word_1_462' title='bbox 2338 4621 2377 4667; x_wconf 91' lang='lat' dir='ltr'><strong><em>S</em></strong></span> <span class='ocrx_word' id='word_1_463' title='bbox 2512 4620 2605 4667; x_wconf 89' lang='lat' dir='ltr'>uisi</span> <span class='ocrx_word' id='word_1_464' title='bbox 2641 4635 2733 4667; x_wconf 84' lang='lat' dir='ltr'>om.</span> <span class='ocrx_word' id='word_1_465' title='bbox 2757 4620 2797 4664; x_wconf 65' lang='grc' dir='ltr'>(ἶ</span> <span class='ocrx_word' id='word_1_466' title='bbox 2924 4619 2982 4666; x_wconf 78' lang='lat'>21</span> <span class='ocrx_word' id='word_1_467' title='bbox 3022 4631 3136 4666; x_wconf 80' lang='lat' dir='ltr'>raro</span> 
     </span>
     <span class='ocr_line' id='line_1_44' title="bbox 548 4687 3136 4753; baseline -0 -18"><span class='ocrx_word' id='word_1_468' title='bbox 548 4689 631 4735; x_wconf 87' lang='lat' dir='ltr'>CG</span> <span class='ocrx_word' id='word_1_469' title='bbox 684 4701 781 4735; x_wconf 90' lang='lat' dir='ltr'>nou</span> <span class='ocrx_word' id='word_1_470' title='bbox 820 4688 860 4736; x_wconf 87' lang='lat' dir='ltr'><strong><em>S</em></strong></span> <span class='ocrx_word' id='word_1_471' title='bbox 997 4690 1061 4737; x_wconf 70' lang='lat'>24</span> <span class='ocrx_word' id='word_1_472' title='bbox 1112 4691 1230 4753; x_wconf 83' lang='lat' dir='ltr'>quia</span> <span class='ocrx_word' id='word_1_473' title='bbox 1284 4692 1505 4753; x_wconf 88' lang='lat' dir='ltr'>quinque</span> <span class='ocrx_word' id='word_1_474' title='bbox 1551 4692 1696 4750; x_wconf 77' lang='lat' dir='ltr'>daety</span> <span class='ocrx_word' id='word_1_475' title='bbox 1723 4704 1779 4739; x_wconf 89' lang='lat' dir='ltr'>os</span> <span class='ocrx_word' id='word_1_476' title='bbox 1832 4691 2073 4740; x_wconf 82' lang='lat' dir='ltr'>habentes</span> <span class='ocrx_word' id='word_1_477' title='bbox 2123 4691 2273 4738; x_wconf 89' lang='lat' dir='ltr'>unius</span> <span class='ocrx_word' id='word_1_478' title='bbox 2325 4699 2441 4738; x_wconf 87' lang='lat' dir='ltr'>suut</span> <span class='ocrx_word' id='word_1_479' title='bbox 2486 4690 2681 4753; x_wconf 67' lang='lat' dir='ltr'>figurae</span> <span class='ocrx_word' id='word_1_480' title='bbox 2723 4698 2771 4736; x_wconf 88' lang='lat' dir='ltr'>et</span> <span class='ocrx_word' id='word_1_481' title='bbox 2819 4704 2845 4735; x_wconf 89' lang='lat' dir='ltr'>e</span> <span class='ocrx_word' id='word_1_482' title='bbox 2884 4687 3136 4736; x_wconf 78' lang='lat' dir='ltr'>contrario</span> 
     </span>
     <span class='ocr_line' id='line_1_45' title="bbox 549 4755 2999 4825; baseline 0.001 -23"><span class='ocrx_word' id='word_1_483' title='bbox 549 4757 769 4817; x_wconf 83' lang='lat' dir='ltr'>quinque</span> <span class='ocrx_word' id='word_1_484' title='bbox 812 4757 1071 4820; x_wconf 85' lang='lat' dir='ltr'>spondeos</span> <span class='ocrx_word' id='word_1_485' title='bbox 1113 4757 1359 4808; x_wconf 84' lang='lat' dir='ltr'>babentes</span> <span class='ocrx_word' id='word_1_486' title='bbox 1407 4761 1628 4822; x_wconf 83' lang='lat' dir='ltr'>quinque</span> <span class='ocrx_word' id='word_1_487' title='bbox 1682 4759 1873 4808; x_wconf 80' lang='lat' dir='ltr'>faciunt</span> <span class='ocrx_word' id='word_1_488' title='bbox 1924 4761 2116 4825; x_wconf 77' lang='lat' dir='ltr'>figuras</span> <span class='ocrx_word' id='word_1_489' title='bbox 2155 4759 2385 4807; x_wconf 78' lang='lat' dir='ltr'>similiter</span> <span class='ocrx_word' id='word_1_490' title='bbox 2424 4769 2659 4820; x_wconf 83' lang='lat' dir='ltr'>quattuor</span> <span class='ocrx_word' id='word_1_491' title='bbox 2696 4758 2923 4820; x_wconf 78' lang='lat' dir='ltr'>dactylos</span> <span class='ocrx_word' id='word_1_492' title='bbox 2958 4755 2999 4804; x_wconf 81' lang='lat' dir='ltr'><strong><em>S</em></strong></span> 
     </span>
     <span class='ocr_line' id='line_1_46' title="bbox 549 4823 3137 4891; baseline 0.002 -23"><span class='ocrx_word' id='word_1_493' title='bbox 549 4823 617 4871; x_wconf 76' lang='lat'>28</span> <span class='ocrx_word' id='word_1_494' title='bbox 652 4824 726 4871; x_wconf 91' lang='lat' dir='ltr'>sie</span> <span class='ocrx_word' id='word_1_495' title='bbox 753 4848 824 4860; x_wconf 86' lang='lat'>-·</span> <span class='ocrx_word' id='word_1_496' title='bbox 871 4824 938 4872; x_wconf 74' lang='lat'>29</span> <span class='ocrx_word' id='word_1_497' title='bbox 965 4826 1156 4890; x_wconf 84' lang='lat' dir='ltr'>figuras</span> <span class='ocrx_word' id='word_1_498' title='bbox 1190 4842 1280 4878; x_wconf 90' lang='lat' dir='ltr'>om.</span> <span class='ocrx_word' id='word_1_499' title='bbox 1312 4828 1353 4875; x_wconf 87' lang='lat' dir='ltr'><strong><em>S</em></strong></span> <span class='ocrx_word' id='word_1_500' title='bbox 1491 4829 1556 4878; x_wconf 82' lang='lat'>31</span> <span class='ocrx_word' id='word_1_501' title='bbox 1597 4837 1675 4878; x_wconf 87' lang='lat' dir='ltr'>est</span> <span class='ocrx_word' id='word_1_502' title='bbox 1710 4844 1800 4877; x_wconf 85' lang='lat' dir='ltr'>om.</span> <span class='ocrx_word' id='word_1_503' title='bbox 1840 4830 1967 4879; x_wconf 87' lang='lat' dir='ltr'>CGS</span> <span class='ocrx_word' id='word_1_504' title='bbox 2106 4828 2173 4878; x_wconf 83' lang='lat'>33</span> <span class='ocrx_word' id='word_1_505' title='bbox 2209 4828 2340 4877; x_wconf 86' lang='lat' dir='ltr'>adde</span> <span class='ocrx_word' id='word_1_506' title='bbox 2362 4854 2427 4863; x_wconf 93' lang='lat'><strong>—</strong></span> <span class='ocrx_word' id='word_1_507' title='bbox 2467 4844 2520 4891; x_wconf 82' lang='lat' dir='ltr'>p.</span> <span class='ocrx_word' id='word_1_508' title='bbox 2548 4827 2666 4889; x_wconf 78' lang='lat'><strong>466,</strong></span> <span class='ocrx_word' id='word_1_509' title='bbox 2698 4826 2766 4878; x_wconf 84' lang='lat'>36</span> <span class='ocrx_word' id='word_1_510' title='bbox 2803 4841 2904 4875; x_wconf 87' lang='lat' dir='ltr'>non</span> <span class='ocrx_word' id='word_1_511' title='bbox 2944 4842 2974 4875; x_wconf 80' lang='lat' dir='ltr'>a</span> <span class='ocrx_word' id='word_1_512' title='bbox 3010 4840 3137 4875; x_wconf 82' lang='lat' dir='ltr'>cano</span> 
     </span>
     <span class='ocr_line' id='line_1_47' title="bbox 553 4892 2505 4962; baseline 0.005 -26"><span class='ocrx_word' id='word_1_513' title='bbox 553 4892 690 4938; x_wconf 83' lang='lat' dir='ltr'>nasci</span> <span class='ocrx_word' id='word_1_514' title='bbox 727 4900 961 4956; x_wconf 73' lang='lat' dir='ltr'>quattuor</span> <span class='ocrx_word' id='word_1_515' title='bbox 997 4894 1195 4944; x_wconf 74' lang='lat' dir='ltr'>schedis</span> <span class='ocrx_word' id='word_1_516' title='bbox 1231 4898 1426 4946; x_wconf 69' lang='lat' dir='ltr'>amissis</span> <span class='ocrx_word' id='word_1_517' title='bbox 1457 4901 1723 4959; x_wconf 64' lang='lat' dir='ltr'>perierunt</span> <span class='ocrx_word' id='word_1_518' title='bbox 1754 4900 1806 4947; x_wconf 79' lang='lat' dir='ltr'>in</span> <span class='ocrx_word' id='word_1_519' title='bbox 1846 4900 1887 4949; x_wconf 91' lang='lat' dir='ltr'><em>G</em></span> <span class='ocrx_word' id='word_1_520' title='bbox 2029 4897 2095 4947; x_wconf 72' lang='lat'>35</span> <span class='ocrx_word' id='word_1_521' title='bbox 2134 4898 2438 4962; x_wconf 85' lang='lat' dir='ltr'>computabo</span> <span class='ocrx_word' id='word_1_522' title='bbox 2464 4896 2505 4945; x_wconf 88' lang='lat' dir='ltr'><strong><em>S</em></strong></span> 
     </span>
    </p>
   </div>
  </div>
 </body>
</html>
