3576 5595
1240 416 1463 482 MBER
1512 416 1669 482 xlm
1714 428 1947 486 37—40
2799 416 2880 480 45

404 551 445 591 p.
475 538 562 580 992.
592 539 643 579 83
673 537 715 579 Γ.
2437 548 2479 588 p,
2507 537 2599 579 601.
2627 537 2704 578 602
2734 534 2783 578 Κ.

297 620 439 669 sunt
484 609 626 669 hae:
675 611 764 682 ‘a,
811 608 917 681 ab,
967 607 1105 679 abs,
1150 626 1213 680 e,
1258 626 1358 681 ex,
1405 607 1506 682 de,
1552 626 1694 687 pro,
1740 625 1912 686 prae,
1960 608 2141 681 cum’,
2187 606 2407 668 addunt
2445 607 2619 668 etiam
2663 608 2886 680 ‘clam’,

296 710 454 787 quod
493 710 649 789 apud
695 712 948 771 Graecos
994 708 1332 770 adverbium
1375 717 1481 770 est.
1572 708 1889 788 disyllabae
1933 718 2125 769 autem
2170 710 2436 784 ςουτειιῐι,
2476 708 2690 789 palam,
2738 708 2885 783 sine,

296 811 556 889 absque,
615 812 857 886 tenus';
912 830 1159 889 quorum
1218 810 1478 871 omnium
1538 811 2053 890 interpretationes
2102 811 2257 891 apud
2305 812 2561 872 Graecos
2616 812 2886 872 adverbia

300 921 457 973 sunt.
561 913 665 974 sed
723 913 837 973 dixi
895 913 1272 993 saepissime,
1342 913 1497 990 quod
1556 913 1739 973 nostri
1802 911 2206 974 huiuscemodi
2265 911 2583 988 dictiones,
2652 913 2886 992 quando

239 1038 268 1075 5
302 1013 782 1095 praellponuntur
833 1014 1066 1076 casibus
1114 1014 1460 1076 accusativis
1509 1014 1597 1074 vel
1650 1014 1946 1086 ablativis,
1999 1033 2106 1093 per
2149 1013 2556 1075 transitionem
2605 1033 2889 1094 persona-

303 1136 434 1178 rum
495 1117 646 1177 inter
702 1116 1168 1195 praepositiones
1217 1113 1510 1195 accipiunt
1565 1125 1623 1177 et
1676 1124 1920 1193 gravant
1984 1114 2259 1177 omnibus
2314 1115 2583 1194 syllabis;
2654 1116 2886 1194 quando

305 1238 439 1279 vero
488 1218 678 1279 verbis
725 1218 1163 1296 coniunguntur
1204 1226 1262 1277 et
1304 1217 1703 1278 intransitivae
1749 1225 1888 1277 sunt
1930 1225 1987 1277 et
2031 1216 2363 1296 generalem
2409 1226 2641 1278 servant
2677 1236 2885 1279 accen·

306 1330 468 1380 tuum
516 1320 833 1393 rationem,
877 1320 1029 1380 inter
1072 1318 1343 1379 adverbia
1387 1326 1729 1391 numerant,
1787 1327 1846 1379 et
1904 1327 2041 1379 tunc
2091 1318 2226 1379 licet
2282 1338 2348 1379 ea
2395 1318 2750 1381 nominativo
2803 1318 2888 1378 vel

304 1422 584 1501 praeponi
630 1420 715 1481 vel
764 1420 1050 1500 supponi,
1097 1427 1160 1480 ut
1196 1419 1371 1498 ‘legit
1417 1420 1621 1480 Cicero
1662 1428 1720 1480 et
1760 1420 1910 1481 ultra
1952 1420 2094 1482 nihil
2138 1420 2329 1494 secit',
2383 1420 2472 1481 vel
2512 1421 2699 1482 ‘ultra
2747 1422 2889 1482 Cato

218 1542 277 1581 ιο
307 1524 445 1582 fecit
484 1541 657 1600 quam
697 1523 959 1583 Cicero'.
1049 1521 1249 1581 ‘sine'
1291 1530 1484 1582 tamen
1523 1529 1582 1581 et
1619 1521 1918 1599 ‘absque'
1960 1530 2016 1581 et
2061 1523 2308 1583 ‘tenus'
2356 1542 2471 1583 non
2529 1521 2719 1583 inveni
2779 1521 2888 1581 nisi

307 1643 443 1683 cum
490 1623 740 1685 ablativo
789 1632 848 1684 et
894 1641 1130 1702 semper
1172 1623 1502 1697 transitive,
1552 1631 1615 1685 ut
1652 1623 2025 1701 Virgilius
2079 1624 2138 1683 in
2181 1624 2344 1684 XII:

1221 1733 1347 1785 aut
1389 1724 1794 1802 quicquam
1840 1724 2021 1785 mihi
2066 1725 2284 1786 dulce
2329 1743 2654 1787 meorum

613 1826 707 1887 Te
754 1826 918 1887 sine
966 1828 1215 1886 l'rater
1259 1824 1447 1885 erit?

311 1946 484 1989 suum
525 1947 659 1988 vero
691 1937 783 1988 est
827 1926 1263 2002 adverbiorum,
1313 1935 1379 1988 ut
1422 1926 1569 2000 dixi,
1612 1927 1973 1988 intransitive
2020 1946 2196 2007 posse
2239 1927 2486 2007 proferri
2527 1936 2586 1988 et
2630 1927 2894 1989 similiter

228 2046 282 2085 ιε»
311 2029 586 2090 omnibus
632 2029 865 2091 casibus
905 2029 1175 2107 adiungi,
1220 2036 1286 2089 ut
1331 2031 1483 2088 ‘non
1527 2027 1716 2090 bouus
1760 2029 1937 2090 homo
1983 2028 2078 2088 ille
2125 2031 2272 2105 est’,
2328 2036 2482 2091 ‘non
2527 2029 2665 2091 boni
2705 2030 2895 2091 homi-

312 2131 404 2191 nis
448 2131 705 2192 officium
744 2131 939 2204 sacit',
984 2133 1140 2191 ‘non
1179 2129 1333 2190 bono
1380 2129 1598 2189 homini
1640 2129 1959 2208 loquitur',
2005 2131 2092 2192 sic
2152 2140 2212 2191 et
2253 2150 2360 2211 per
2400 2131 2656 2210 reliquos
2700 2150 2894 2205 casus,

311 2232 369 2292 in
411 2232 622 2310 quibus
667 2237 862 2293 ‘non’
910 2232 1164 2293 adverbii
1217 2250 1395 2293 causa
1439 2231 1596 2292 nulla
1628 2231 1896 2294 transitio
1935 2232 2059 2292 [leri
2104 2232 2450 2294 ostenditur.
2508 2241 2567 2293 at
2606 2233 2655 2294 si
2701 2233 2889 2293 dicam
2927 2239 2996 2287 40

302 2337 330 2417 ἶ
355 2353 553 2395 coram
600 2334 880 2394 Cicerone
924 2333 1067 2395 dixit
1119 2333 1398 2394 Catiliua'
1448 2332 1537 2393 vel
1583 2333 1845 2411 ‘absque
1899 2333 2142 2395 consule
2182 2334 2299 2411 egit
2343 2337 2638 2414 praetor’,
2686 2334 2895 2395 transi-

313 2436 530 2496 tionem
592 2435 718 2495 sine
768 2435 944 2496 dubio
1003 2435 1152 2496 facio
1212 2435 1567 2496 diversarum
1625 2453 2046 2515 personarum,
2098 2435 2156 2495 id
2204 2445 2295 2498 est
2333 2436 2406 2497 ab
2450 2436 2559 2517 alia
2601 2436 2676 2496 od
2724 2436 2895 2497 aliam

225 2554 283 2592 πο
313 2545 547 2598 transeo
596 2555 941 2615 personam,
987 2536 1145 2613 quod
1190 2555 1364 2597 suum
1409 2545 1500 2598 est
1540 2536 2012 2616 praepositionis.

484 2638 643 2699 Haec
668 2638 846 2725 igitur
870 2655 1105 2715 quoque
1151 2638 1298 2699 ratio
1328 2637 1610 2717 compulit
1654 2639 1920 2699 artium
1966 2639 2391 2719 scriptores
2434 2640 2756 2703 Latinos
2788 2639 2899 2700 hu·

308 2739 631 2801 iuscemodi
660 2739 969 2814 dictiones,
1001 2740 1265 2818 quamvis
1302 2740 1814 2821 interpretationes
1839 2759 2039 2803 earum
2069 2738 2360 2824 adlverbia
2389 2742 2509 2804 sint
2531 2742 2687 2822 apud
2721 2743 2899 2803 Grae-

314 2863 451 2915 ωε,
509 2851 704 2903 tamen
757 2842 909 2903 inter
963 2843 1428 2921 praepositiones
1486 2862 1707 2923 ponere
1758 2843 1914 2923 apud
1957 2862 2100 2920 uoS,
2159 2845 2394 2923 quando
2439 2845 2675 2905 casibus
2722 2863 2898 2923 supra

316 2944 488 3003 dictis
523 2953 980 3023 praeponuntur.
1047 2962 1197 3022 quae
1242 2963 1379 3006 vero
1416 2964 1492 3006 ex
1536 2945 1629 3006 his
1672 2952 1925 3023 possunt
1956 2945 2083 3007 sine
2128 2946 2363 3008 casibus
2405 2946 2597 3007 verbis
2642 2944 2899 3021 adiungi,

236 3059 292 3097 ²⁵
321 3046 495 3130 etiam
550 3046 703 3105 inter
757 3045 1027 3106 adverbia
1079 3054 1325 3126 ponunt.
1416 3047 1573 3125 quod
1631 3047 2104 3108 Censorinus
2146 3066 2379 3126 quoque
2423 3048 2508 3107 de
2559 3046 2905 3107 accenti-

317 3145 455 3206 bus
484 3146 790 3226 approbat,
822 3147 907 3207 sic
937 3147 1172 3209 dicens:
1221 3152 1498 3227 ‘super’
1545 3148 2030 3228 praepositio
2068 3149 2261 3228 apud
2287 3148 2686 3227 Virgilium
2734 3148 2801 3207 in
2843 3148 2899 3207 1:

624 3248 849 3309 Multa
896 3267 1127 3328 super
1172 3250 1463 3311 Priamo
1507 3250 1886 3328 rogitanS,
1926 3268 2156 3329 super
2199 3250 2526 3312 Hectore
2563 3249 2813 3310 multa.

321 3451 385 3499 de
431 3451 711 3500 accusatiui
758 3453 1243 3518 praepositionibus,
1297 3455 1477 3520 incipit
1511 3454 1574 3503 de
1611 3453 1840 3506 ablatiui.
1878 3455 1924 3502 D
2078 3468 2199 3502 casn
2240 3452 2292 3502 Κ
2429 3454 2706 3519 iunguntur
2745 3455 2788 3503 G
2827 3453 2903 3503 in-

321 3597 507 3653 guntur
548 3589 599 3637 K
744 3587 765 3636 l
808 3590 872 3638 de
908 3605 1000 3638 om.
1042 3591 1146 3640 GK
1178 3592 1299 3640 add.
1338 3590 1373 3638 k
1508 3588 1662 3657 prae]
1701 3589 1791 3656 pu
1821 3591 1879 3639 Η
2013 3593 2047 3641 2
2081 3542 2575 3657 Dissillaqulitngd
2711 3589 2745 3639 3
2782 3606 2908 3652 qua-

322 3673 430 3706 rum
465 3658 514 3707 D
675 3658 1058 3723 iinterptationes
1095 3660 1134 3708 d
1165 3660 1612 3725 interppositiones
1652 3662 1695 3709 D
1731 3662 2176 3725 interpretationes
2211 3661 2262 3709 B
2419 3663 2453 3710 4
2492 3661 2622 3724 dixit
2676 3661 2722 3708 D
2876 3663 2908 3708 5

320 3725 660 3792 accusativis]
699 3745 727 3775 r
774 3731 1097 3779 accusatiuns
1133 3729 1178 3778 R
1354 3746 1447 3794 per
1480 3730 1604 3779 add.
1636 3731 1667 3778 Ιι
1845 3728 2228 3795 transitionem]
2269 3746 2299 3778 r
2343 3731 2651 3780 trausionem
2689 3730 2735 3779 R
2874 3731 2909 3780 6

322 3860 600 3911 granatum·
638 3847 834 3898 RBHG
987 3851 1018 3899 7
1058 3848 1463 3915 coniunguntur]
1507 3851 1544 3899 d
1592 3851 1919 3915 coniungitur
1955 3850 2001 3897 D
2154 3819 2252 3899 sint
2293 3849 2371 3899 Ην
2519 3823 2784 3900 aceenni'm
2820 3848 2912 3900 11}ae

479 3968 514 4014 9
553 3969 631 4017 uel
671 3942 782 4016 uti-3
832 3967 909 4016 nr
1092 3968 1152 4018 10
1202 3937 1599 4030 absq110⁶¹ie11us
1637 3969 1716 4018 Ην
1860 3969 1918 4018 ll
1967 3971 2124 4034 Ver-9.
2169 3970 2297 4020 Aen.
2343 3970 2431 4018 ΧΠ
2467 3970 2571 4020 882
2607 3986 2685 4035 sq.
2859 3970 2908 4017 in

321 4034 449 4100 xit]
494 4040 543 4084 in
582 4038 810 4087 bucolico
862 4053 1001 4090 eras.
1044 4041 1092 4087 in
1128 4038 1180 4087 B
1317 4035 1442 4102 Xll]
1489 4038 1719 4088 bucolico
1760 4039 1807 4087 L
1857 4039 2092 4089 Heidelb.
2137 4035 2336 4088 bucolis:
2377 4039 2431 4087 H
2465 4040 2691 4089 bucolico
2729 4040 2786 4088 K
2820 4039 2912 4086 bor·

323 4104 380 4155 co
408 4108 450 4153 (ι’
483 4107 556 4154 ad
590 4109 681 4156 ecl.
729 4107 807 4164 10,
844 4109 912 4156 48
943 4109 1071 4168 sort.
1112 4115 1397 4169 spectantes
1519 4109 1579 4158 12
1609 4105 1730 4172 aut]
1784 4109 1920 4156 band
1952 4108 2033 4157 Br
2172 4107 2477 4173 quicquam]
2519 4125 2549 4156 r·
2585 4110 2826 4170 quiquam
2866 4108 2912 4158 R

464 4176 589 4224 mibi
625 4192 715 4224 om.
749 4177 806 4226 H
952 4175 1013 4224 13
1057 4177 1210 4226 fratre
1242 4178 1358 4226 Pat.
1504 4175 1631 4240 erit]
1661 4177 1693 4224 Ιι
1730 4186 1836 4224 erat
1871 4181 1925 4227 m'
1953 4178 1996 4240 s.
2033 4178 2093 4230 H
2235 4179 2297 4228 16
2334 4178 2562 4227 officinm
2603 4175 2756 4242 l’ncit]
2800 4178 2912 4227 offi-

325 4246 404 4294 cio
441 4244 669 4309 fungitur
704 4246 751 4292 D
893 4245 1058 4309 bono]
1097 4246 1186 4293 rblt
1223 4248 1351 4295 bona
1391 4247 1519 4311 BH,
1559 4262 1652 4299 om.
1691 4247 1738 4295 R
1863 4248 1923 4296 17
1961 4248 2009 4294 in
2043 4248 2229 4310 quibus
2263 4248 2310 4294 in
2344 4248 2539 4318 ν(λι-ιρί-Ξξι-ξι
2576 4247 2633 4296 Ii
2768 4238 2908 4297 ”uon

324 4330 555 4379 aduerbii
597 4346 750 4380 causa
792 4331 895 4380 nlla
929 4332 1159 4381 transitio
1197 4331 1306 4380 fieri
1341 4322 1686 4382 ''ostenditur.
1730 4332 1816 4380 me
1990 4349 2144 4381 <niusa
2182 4329 2349 4396 nulla]
2397 4335 2582 4397 scripsi
2619 4348 2773 4383 caiisa
2811 4333 2914 4385 ulla

218 4465 225 4470 “
325 4399 615 4450 BHGLKr
652 4399 755 4448 nlla
792 4416 948 4449 causo
987 4401 1090 4451 ulla
1138 4402 1222 4450 litt
1256 4401 1382 4449 ulti-n
1421 4417 1576 4451 causa
1616 4402 1717 4451 nlla
1751 4402 1798 4449 D
1940 4402 2018 4465 nt]
2054 4404 2091 4450 d
2129 4412 2181 4451 nt
2213 4403 2260 4450 D
2293 4411 2377 4451 aut
2418 4402 2461 4450 G
2608 4401 2670 4452 18
2706 4401 2908 4467 coram]

326 4486 354 4516 r
391 4479 564 4520 contra
604 4469 650 4519 R
801 4470 1024 4518 catillina
1057 4470 1109 4519 B
1154 4470 1373 4518 cntilena
1410 4471 1559 4519 DLK
1598 4472 1850 4520 cantilena
1889 4472 1931 4519 G
2105 4473 2167 4522 19
2207 4485 2531 4535 personarum
2571 4489 2660 4522 om.
2702 4474 2758 4523 li
2788 4476 2910 4523 add.

325 4538 354 4586 Ιι
520 4539 585 4587 ad
623 4556 692 4588 ea:
728 4539 793 4587 ab
833 4555 969 4593 corr.
1013 4540 1065 4588 H
1226 4541 1289 4590 21
1332 4541 1559 4605 conpulit
1595 4541 1646 4589 B
1817 4540 2204 4606 huiuscemodi]
2241 4558 2271 4589 r
2306 4540 2604 4590 liniuscemo
2643 4543 2689 4592 Η
2846 4544 2914 4593 22

324 4617 441 4672 pose
475 4609 945 4674 interpretationes:
996 4625 1168 4659 eurum
1196 4637 1260 4646 —
1288 4610 1600 4675 §positiones
1642 4614 1691 4659 in
1727 4625 1822 4674 my.
1860 4611 1983 4662 add.
2023 4611 2079 4659 K
2246 4610 2314 4660 23
2348 4620 2702 4660 tamen—nos
2739 4628 2830 4661 om.
2869 4613 2914 4662 R

328 4679 448 4730 add.
492 4695 521 4726 r
659 4678 827 4743 apud]
867 4679 897 4725 Ιι
934 4699 989 4729 u
1028 4688 1079 4729 et
1113 4681 1161 4728 in
1195 4695 1287 4741 my.
1330 4682 1433 4744 pud
1472 4681 1529 4727 ΙΙ
1646 4682 1709 4729 24
1740 4695 1861 4729 uero
1901 4680 2022 4731 add.
2060 4681 2097 4728 d
2232 4681 2343 4729 sine
2378 4682 2585 4730 vasibus
2619 4691 2833 4746 possunt
2872 4682 2915 4730 G

465 4749 533 4798 25
570 4747 739 4813 qnod]
779 4748 810 4796 Ιι
843 4770 1015 4800 unu
1054 4749 1113 4798 H
1236 4748 1537 4799 Censorinus
1575 4749 1638 4798 (Ie
1672 4749 1985 4798 accentibus:
2020 4751 2091 4812 of.
2130 4752 2163 4811 S
2192 4751 2226 4798 ts
2263 4758 2314 4798 et
2340 4748 2399 4798 Ο.
2442 4750 2666 4799 Iahnium
2699 4752 2733 4802 1.
2777 4751 2846 4800 ibi
2878 4753 2913 4799 l.

432 4818 501 4865 26
537 4816 782 4880 adprobat
825 4819 870 4866 B
1010 4819 1175 4881 Super
1207 4830 1280 4867 est
1321 4818 1630 4883 praepositio
1670 4819 1721 4867 Κ
1865 4817 2174 4882 Virgilium]
2214 4819 2249 4865 d
2284 4819 2518 4882 uirgilius
2561 4820 2604 4867 0
2756 4821 2913 4883 Very.

334 4884 464 4932 Aen.
504 4885 523 4932 l
559 4886 660 4933 750
800 4888 865 4937 27
907 4890 1133 4952 rogitans
1169 4905 1261 4938 vm.
1303 4889 1346 4936 G
1485 4887 1720 4935 tim-cuore
1758 4886 1913 4936 ΕΒΗ
1950 4887 2153 4935 hectora
2195 4888 2309 4937 Pul.
