3576 5595
955 421 1453 484 PARTlTIONES
1498 420 1605 481 Xll
1651 419 1865 482 VERS.
1909 419 2078 480 AEN.
2127 420 2168 480 1.
2235 415 2453 483 11-1'8
2881 418 3003 480 463

511 552 553 592 p.
587 538 701 579 ιυο.
732 538 779 578 21
813 537 860 578 P.
2569 547 2612 587 p.
2643 535 2820 576 asi-sa
2852 535 2902 578 κ.

408 630 600 683 arm0,
646 609 758 669 nisi
795 609 957 689 prius
1004 610 1123 670 sint
1162 626 1353 678 arma,
1400 606 1614 685 quibus
1659 624 1957 668 armemus
2003 606 2253 684 aliquem
2305 603 2444 685 [nec
2489 625 2633 666 auro
2677 625 2852 668 auras
2897 626 3005 666 nec

409 712 657 774 subaero
709 710 1021 783 subaeraS,
1071 708 1225 770 unde
1266 708 1573 769 Persius

714 811 953 906 nequa
1000 826 1406 887 subaerato
1452 825 1887 886 mendosum
1936 824 2206 886 tinniat
2250 843 2460 897 auro,

410 948 524 1008 nisi
561 948 723 1028 prius
766 948 842 1008 sit
885 964 1090 1006 aurum
1135 943 1225 1003 vel
1267 942 1429 1023 aes].
1478 952 1682 1004 contra
1729 951 1925 1003 autem
1970 962 2001 1003 a
2048 942 2224 1003 verbo
2268 943 2530 1003 nascitur
2572 963 2807 1016 nomen,
2852 946 3003 1023 quod

343 1069 367 1107 5
414 1069 532 1109 non
581 1060 773 1129 potest
818 1067 950 1108 esse
999 1048 1059 1106 in
1099 1045 1326 1123 aliquo,
1374 1044 1484 1105 nisi
1537 1045 1702 1124 prius
1749 1050 1918 1103 actus
1950 1043 2107 1104 verbi
2157 1044 2214 1104 in
2262 1063 2330 1106 eo
2377 1044 2772 1124 intellegatur,
2814 1055 2911 1118 ut,
2960 1047 3005 1106 si

408 1152 570 1212 dicas
629 1152 844 1222 lector,
901 1147 1176 1226 intellego
1233 1165 1366 1207 eum
1428 1146 1593 1225 prius
1649 1147 1845 1224 legere
1903 1153 1960 1205 et
2015 1147 2098 1205 sic
2153 1146 2205 1205 ei
2261 1145 2321 1205 id
2378 1165 2593 1207 nomen
2632 1145 2644 1228 Ι
2684 1148 2777 1207 (lo.
2870 1167 3008 1225 ergo

411 1271 606 1324 armo,
652 1251 807 1312 sicut
848 1249 1133 1322 diximus,
1181 1247 1419 1308 verbum
1469 1255 1558 1307 est
1599 1245 2129 1321 denominativum,
2175 1246 2330 1324 quod
2374 1266 2405 1307 a
2453 1248 2689 1309 nomine
2727 1250 3008 1322 nascitur,

412 1354 598 1414 lector
633 1360 826 1413 autem
864 1370 1077 1412 nomen
1117 1349 1367 1410 verbale.
1460 1349 1565 1408 Dic
1612 1348 1908 1428 passivum
1955 1347 2100 1407 eius,
2174 1350 2400 1410 Armor.
2464 1349 2721 1410 lleclina.
2783 1356 3008 1424 Armor,

411 1457 654 1515 armaris
708 1454 796 1513 vel
841 1472 1105 1524 armare,
1150 1460 1411 1512 armatur
1454 1458 1512 1511 et
1557 1460 1768 1510 cetera.
1861 1449 1984 1524 Die,
2018 1449 2319 1530 participia
2366 1450 2566 1511 activa.
2658 1455 2903 1512 Armaus
2949 1460 3007 1512 et
3052 1461 3112 1512 10

348 1572 395 1612 ιο
417 1566 767 1616 armaturuS.
859 1555 1114 1615 Passiva.
1205 1556 1476 1613 Armatus
1531 1561 1587 1613 et
1632 1551 1968 1612 armandus.
2060 1550 2175 1610 Fac
2217 1571 2431 1612 nomen
2478 1553 2708 1614 verbale
2755 1573 2785 1613 a
2835 1553 3012 1634 parti-

414 1659 566 1738 cipio
617 1655 914 1737 praeteriti
959 1655 1255 1734 temporis.
1347 1655 1615 1714 Armator
1659 1653 1951 1713 armatrix.
2046 1651 2206 1713 Cur?
2272 1653 2418 1724 Quia
2466 1655 2659 1715 omnia
2707 1655 3011 1736 participia

414 1759 709 1840 praeteriti
742 1758 1022 1839 temporis
1064 1775 1132 1816 us
1175 1756 1233 1815 in
1267 1775 1335 1817 or
1377 1753 1774 1816 convertentia
1814 1754 2037 1814 faciunt
2067 1774 2279 1815 nomen
2317 1756 2543 1816 verbale
2580 1757 2636 1817 in
2676 1757 2830 1818 omni
2874 1776 3014 1818 con·

416 1863 710 1941 iugatione
756 1859 1175 1931 masculinum,
1222 1876 1292 1917 ex
1339 1873 1455 1933 quo
1500 1856 1708 1915 iterum
1763 1873 1832 1914 or
1889 1855 1947 1915 in
1998 1854 2082 1915 rix
2140 1865 2457 1920 mutantes.
2494 1858 2737 1918 facimus
2783 1859 3009 1919 semini-

415 1982 588 2035 num,
648 1962 758 2022 nisi
807 1960 1128 2041 euphonia,
1184 1959 1240 2018 id
1289 1968 1380 2018 est
1418 1978 1630 2027 sonus,
1678 1956 2016 2036 prohibeat,
2065 1957 2219 2033 quod
2258 1960 2447 2020 evenit
2489 1958 2546 2020 in
2601 1959 2715 2019 illis
2761 1978 2908 2036 quae
2955 1959 3013 2021 in

349 2083 397 2122 ιε)
420 2082 520 2124 sor
556 2064 862 2135 desinunt,
913 2071 974 2122 ut
1018 2080 1268 2140 pransor
1312 2079 1520 2120 cursor
1561 2068 1783 2120 tonsor.
1877 2076 2050 2118 nemo
2097 2046 2249 2119 en‘im
2295 2059 2435 2120 dicit
2479 2061 2747 2142 pransrix
2791 2062 3013 2122 cursrix

415 2166 640 2226 tonsrix
672 2174 913 2243 propter
949 2163 1323 2241 asperitatem
1355 2161 1869 2241 pronuntiationis.
1918 2161 2072 2221 unde
2107 2169 2164 2220 et
2193 2161 2496 2223 Terenti
2519 2183 2597 2223 us
2636 2164 3014 2225 tonstrina

416 2267 556 2326 dixit
582 2263 910 2345 euphoniae
950 2283 1129 2324 causa
1160 2264 1382 2323 addens
1413 2271 1615 2323 contra
1646 2261 1909 2340 regulam
1945 2271 1983 2323 t.
2048 2262 2200 2323 sicut
2232 2263 2384 2323 enim
2416 2283 2447 2323 a
2482 2265 2721 2324 doctore
2752 2265 3014 2326 doctrina

417 2375 814 2428 consonantes
860 2385 959 2426 eas
1016 2364 1250 2437 habuit,
1306 2382 1452 2441 quas
1498 2382 1668 2424 suum
1715 2363 2107 2442 primitivum,
2165 2364 2250 2423 sic
2294 2364 2495 2425 debuit
2535 2366 2706 2426 etiam
2754 2367 3014 2427 tonsrina

417 2470 640 2547 absque
686 2478 708 2528 t
751 2487 923 2541 esse,
969 2466 1081 2527 nisi
1127 2466 1418 2526 sonoritas
1462 2465 1772 2543 coegisset.
1865 2463 2298 2526 desenstrix
2350 2482 2582 2544 quoque
2631 2467 2910 2529 Cicero
2956 2469 3013 2529 in

349 2589 401 2628 ’,νο
422 2573 716 2632 Timaeo
756 2567 1031 2652 prolltulit
1076 2566 1266 2628 addita
1314 2576 1353 2626 t.
1444 2566 1560 2627 Fac
1606 2564 1713 2626 alia
1747 2565 2055 2626 derivativa
2096 2566 2168 2626 ab
2212 2567 2415 2628 eodem
2462 2588 2637 2648 supra
2684 2570 2838 2630 dieto
2880 2589 3013 2651 par·
3058 2586 3114 2635 17

421 2673 639 2751 ticipio.
683 2671 693 2756 Ι
733 2672 988 2731 Armatio
1023 2676 1344 2741 armatura,
1390 2686 1538 2746 quae
1567 2686 1690 2726 rem
1729 2667 1915 2746 ipsam
1961 2667 2308 2744 significant.
2400 2678 2453 2729 et
2497 2670 2822 2744 sciendum,
2860 2672 3015 2749 quod

422 2773 765 2854 plerumque
798 2773 1032 2833 nomina
1079 2790 1274 2833 rerum
1317 2769 1559 2831 eandem
1611 2768 1832 2830 habent
1865 2766 2185 2849 participiis
2233 2770 2526 2850 praeteriti
2576 2775 2858 2854 temporis
2902 2781 3019 2834 ter-

420 2875 828 2948 minationem,
876 2874 1264 2934 declinatione
1311 2881 1501 2932 tamen
1547 2870 1844 2931 differunt.
1936 2890 2069 2931 nam
2114 2872 2348 2932 nomina
2396 2883 2634 2951 quartae
2672 2888 2838 2946 sunt,
2886 2894 3017 2953 par-

421 2977 613 3056 ticipia
664 2995 799 3037 vero
841 2975 1165 3047 secundae,
1227 2980 1288 3033 ut.
1327 2973 1615 3033 iudicatus
1660 2963 1692 3031 ὃ
1737 2973 1970 3050 κριθείς
2022 2972 2195 3033 huius
2236 2974 2502 3046 iudicati,
2551 2975 2839 3035 iudicatus
2884 2995 3016 3035 vero

349 3067 457 3152 :³552
502 3078 694 3156 κρίσις
739 3076 911 3137 huius
958 3076 1278 3148 iudicatus-3
1323 3074 1579 3135 monitus
1624 3065 1656 3133 ὁ
1706 3064 2115 3150 ὖπομνησθείς
2168 3075 2341 3136 huius
2382 3075 2620 3150 moniti,
2679 3076 2935 3136 monitus
2979 3064 3018 3153 ἦ

419 3169 750 3256 ὑπόμνησις
782 3178 955 3238 huius
991 3177 1281 3253 monitus;
1320 3176 1507 3239 lectus
1535 3167 1569 3236 ὁ
1598 3167 2009 3255 ἇιίαγνωσθείς
2039 3176 2213 3237 huius
2243 3175 2408 3246 lecti,
2454 3175 2644 3236 lectus
2681 3165 2718 3253 ἦ
2748 3168 3014 3256 ἀνάγνω-

418 3296 510 3352 σις
555 3280 730 3340 huius
786 3278 1011 3354 lectus;
1058 3279 1249 3339 aditus
1295 3269 1327 3337 ὁ
1372 3278 1795 3355 προσελευθείς
1850 3277 2025 3338 huius
2072 3278 2242 3349 aditi,
2306 3277 2497 3338 aditus
2552 3264 2589 3355 ἦ
2640 3276 3020 3355 προσέλευσις

422 3382 598 3442 huius
653 3380 864 3441 aditus·
953 3380 1187 3458 quidam
1259 3389 1453 3441 autem
1517 3381 1693 3441 stulte
1749 3388 1808 3439 et
1868 3389 2068 3439 contra
2130 3397 2298 3439 usum
2361 3388 2665 3440 auctorum
2724 3380 3013 3460 participii
3058 3393 3118 3445 18

424 3483 840 3565 paenultimam
886 3484 1218 3561 producunt
1257 3491 1314 3542 et
1353 3481 1551 3542 dicunt
1598 3501 1663 3542 se
1706 3482 1819 3542 hoc
1864 3481 2057 3540 facere
2100 3480 2462 3540 differentiae
2506 3499 2703 3540 causa.
2795 3481 3016 3540 nullum

353 3586 578 3649 aoenim
636 3581 1003 3665 participium
1063 3585 1304 3644 veniens
1370 3602 1401 3643 a
1462 3583 1653 3643 verbis
1697 3582 1756 3641 in
1814 3601 1884 3641 eo
1928 3580 2363 3654 desinentibuS,
2408 3581 2529 3641 sive
2573 3582 2868 3642 secundae
2913 3601 3018 3642 seu

426 3697 665 3767 quartae
705 3687 823 3747 sint
858 3685 1316 3763 coniugationiS,
1361 3685 1378 3744 i
1417 3684 1762 3764 productam
1810 3683 1988 3743 habet
2028 3690 2165 3742 ante
2205 3691 2330 3755 tus,
2377 3692 2440 3742 ut
2485 3702 2695 3743 moneo
2741 3685 3015 3757 monitus,

427 3790 615 3850 habeo
667 3788 942 3860 habituS‚
987 3795 1296 3866 praetereo
1338 3778 1715 3866 praeteritus:
1774 3783 2145 3862 Virgilius
2187 3784 2246 3845 in
2292 3793 2497 3845 octavo

729 3910 763 3949 o
810 3888 993 3948 mihi
1029 3889 1506 3968 praeteritos
1550 3888 1840 3947 reserat
1884 3886 1945 3946 si
1994 3886 2344 3965 luppiter
2385 3905 2650 3961 annos;

427 3991 575 4053 obeo
615 3991 844 4051 obitus:
890 3990 1043 4050 idem
1087 3991 1144 4049 in
1185 3989 1412 4050 decimo

358 4119 411 4159 35
736 4099 973 4152 morte
1012 4090 1217 4151 obita
1258 4091 1505 4168 qualis
1536 4090 1719 4150 sama
1758 4098 1879 4149 est
1920 4088 2243 4149 volitare
2282 4089 2616 4167 figuras;

425 4196 570 4256 adeo
611 4212 845 4274 quoque
879 4192 1103 4253 aditus:
1149 4192 1451 4252 Ovidius
1491 4192 1550 4251 in
1592 4191 1869 4268 fastis}

572 4484 594 4533 l
646 4499 738 4532 nec
781 4497 906 4532 auro
945 4508 1014 4519 —
1043 4482 1077 4530 4
1116 4497 1206 4531 aes
1252 4498 1341 4531 σοι.
1375 4480 1445 4535 S.
1489 4481 1616 4531 add.
1652 4496 1679 4529 s
1737 4496 1829 4528 nec
1880 4481 2099 4529 subatro
2157 4480 2402 4528 subu-ras
2450 4481 2585 4529 unde
2650 4481 2853 4546 persius
2899 4481 3021 4531 sub-

427 4564 598 4603 aerato
635 4554 932 4602 mendosum
970 4553 1148 4601 tinniat
1188 4567 1314 4600 auro
1361 4553 1456 4598 nisi
1493 4553 1634 4615 prius
1671 4553 1734 4599 sit
1767 4566 1947 4598 nurum
1986 4566 2033 4598 et
2075 4549 2265 4597 terrum
2300 4551 2344 4598 C
2373 4567 2388 4598 :
2427 4551 2495 4611 cs.
2531 4551 2789 4603 l're'u'ian.
2820 4567 2877 4614 p.
2916 4550 3023 4601 828

563 4625 597 4672 2
629 4620 852 4686 Persius]
890 4624 943 4683 5,
983 4622 1078 4671 106
1215 4625 1248 4670 «2
1297 4635 1464 4668 autem
1502 4622 1544 4667 S
1577 4620 1702 4668 haer
1737 4620 1779 4663 Γ
1922 4620 1979 4667 ll
2020 4620 2158 4681 quod
2194 4619 2236 4665 S
2282 4635 2412 4680 quae
2449 4620 2493 4668 C
2633 4620 2696 4669 16
2725 4618 3017 4684 Terentius]

426 4692 630 4742 Phor-m.
671 4693 687 4739 1
726 4696 775 4749 2,
810 4692 880 4740 :39
1028 4693 1086 4741 17
1124 4706 1155 4738 ι
1187 4692 1334 4738 docto
1376 4692 1419 4740 C
1559 4692 1623 4739 15
1659 4705 1805 4737 suum
1846 4690 1886 4736 Γ
1920 4692 2129 4736 aurbum
2166 4690 2208 4738 S
2353 4690 2416 4739 19
2459 4690 2554 4736 nisi
2594 4692 2947 4739 consonariuts
2981 4692 3025 4739 S

598 4763 666 4810 22
716 4761 1013 4826 plerumque
1066 4762 1284 4821 quedam
1333 4763 1537 4807 nomina
1569 4758 1610 4805 S
1783 4762 2062 4822 pamicipits
2102 4760 2141 4801 S
2186 4775 2297 4804 cum
2354 4759 2635 4822 participiis
2680 4774 2710 4808 s
2769 4761 3021 4825 participii

425 4832 468 4880 G
603 4830 674 4880 30
708 4832 842 4878 euim
877 4830 920 4878 C
949 4842 1118 4878 autem
1151 4830 1194 4877 S
1330 4829 1400 4879 ³2
1434 4832 1488 4877 in
1525 4826 1720 4892 out-uro]
1759 4845 1804 4875 t.
1838 4828 1947 4876 560
2082 4830 2151 4878 31
2190 4829 2239 4875 in
2272 4825 2492 4892 deciano]
2534 4843 2581 4876 n.
2620 4828 2720 4878 tm
2865 4828 2936 4880 36
2970 4831 3023 4879 in

425 4896 597 4964 fastis]
642 4899 734 4947 llll
773 4897 878 4948 583
