3576 5595
602 375 730 437 492
1727 375 2097 439 PntsctANt

735 520 745 530 .
776 492 885 533 1256.
918 492 969 532 ετ
991 491 1039 533 ι).
2814 491 3099 534 ,aes-soit.

462 564 557 616 138
596 572 687 623 est
705 505 1076 639 ¹relativum),
1128 562 1474 624 redditivum
1518 571 1745 637 tantus3
1799 563 2027 623 numeri
2084 561 2559 641 interrogativum
2607 561 2693 623 vel
2745 504 3037 624 in'tinitum
3099 563 3194 624 vel

587 664 885 725 relativum
922 673 1064 743 quot
1109 665 1421 742 (significat
1454 663 1606 725 enim
1638 656 1817 723 πόσοι
1850 665 2206 743 paenultimo
2243 671 2433 737 acuto,
2481 665 2636 743 quod
2684 675 2776 726 est
2809 665 3198 743 interrogati-

589 784 753 838 vum,
817 775 874 826 et
916 767 1094 825 ποσοί
1130 766 1332 827 ultimo
1376 773 1579 836 acuto,
1623 766 1778 845 quod
1820 774 1910 827 est
1954 767 2239 827 inlinitum
2266 813 2281 839 ,
2328 774 2387 826 et
2432 754 2658 839 ὁπόσοι,
2708 768 2864 845 quod
2903 775 2994 828 est
3034 767 3185 828 rela-

588 867 825 943 tivum)',
872 868 1216 930 redditivum
1264 876 1379 928 tot:
1426 867 1800 929 derivativum
1854 868 1926 928 ab
1975 887 2043 927 eo
2087 867 2241 946 quod
2283 875 2373 927 est
2417 868 2547 945 quis
2597 869 2765 929 cuius
2804 870 2931 930 cuia
2984 869 3179 930 cuium

591 978 645 1029 et
688 969 885 1042 cuiaS,
944 979 1002 1029 et
1049 969 1121 1029 ab
1167 989 1236 1031 eo
1291 955 1445 1048 quod
1500 977 1588 1031 est
1637 978 1779 1048 quot
1824 977 2037 1047 quotus
2094 977 2154 1028 ει
2207 977 2500 1046 quotenus
2567 970 2942 1048 (quibusdam
2988 971 3061 1031 ab
3107 990 3178 1031 eo
3218 990 3244 1027 s

592 1070 748 1147 quod
786 1079 875 1131 est
920 1081 1006 1131 tot
1048 1071 1273 1131 videtur
1320 1090 1451 1131 esse
1487 1079 1676 1144 totus;
1727 1071 1832 1131 sed
1877 1059 2009 1130 alia'
2037 1070 2261 1130 videtur
2298 1089 2431 1131 esse
2476 1071 2867 1150 significatio).
2912 1108 2989 1117 -
3040 1073 3188 1133 haec

590 1179 786 1232 tamen
834 1173 1028 1233 omnia
1072 1172 1364 1252 praedicta
1409 1173 1670 1252 plerique
1704 1172 1889 1233 Latini
1940 1173 2083 1232 artis
2124 1172 2445 1251 scriptores
2492 1173 2839 1252 pronomina
2878 1193 3010 1234 esse
3053 1175 3186 1234 inti·

592 1274 712 1333 nita
743 1274 1028 1335 dixerunt.
1095 1293 1205 1335 nec
1240 1274 1484 1346 mirum,
1530 1292 1663 1334 cum
1697 1273 2048 1352 Didymus
2094 1290 2328 1352 quoque
2377 1283 2437 1335 et
2480 1275 2645 1335 multi
2678 1275 2773 1336 alii
2807 1276 3189 1348 vetustissimi

466 1383 561 1436 139
598 1375 951 1436 Graecorum
999 1375 1152 1436 inter
1195 1376 1472 1437 articulos
1510 1377 1655 1436 haec
1698 1385 2167 1436 numeraverunt.
2262 1376 2505 1437 Romani
2550 1373 2753 1456 vefflro,
2800 1395 2934 1437 cum
2980 1376 3193 1438 articu-

593 1477 680 1538 los
719 1497 836 1538 non
883 1478 1132 1550 habent,
1179 1478 1331 1539 inter
1367 1477 1711 1558 pronomina
1749 1477 1896 1537 haec
1936 1485 2279 1556 posuerunt.
2348 1485 2506 1537 tanta
2550 1486 2743 1538 autem
2789 1478 3017 1539 videtur
3055 1497 3262 1539 esseio

594 1579 864 1656 cognatio
925 1579 1297 1640 articulorum
1358 1589 1416 1640 et
1472 1578 1915 1658 pronominum,
1972 1577 2130 1656 quod
2197 1577 2364 1639 stoici
2423 1578 2481 1638 in
2541 1597 2657 1639 una
2705 1588 2869 1658 parte
2914 1580 3192 1641 orationis

592 1688 909 1759 utrumque
960 1698 1092 1740 esse
1152 1679 1466 1759 putabant,
1521 1679 1799 1740 articulos
1838 1680 2036 1740 finitos
2087 1680 2350 1739 (licentes
2399 1680 2764 1759 pronomina.
2856 1697 3007 1758 quae
3054 1699 3190 1741 vero

594 1783 953 1859 grammatici
988 1782 1339 1844 Graecorum
1372 1781 1658 1842 articulos·
1682 1788 1928 1861 ponunt,
1968 1779 1978 1863 Ι
2020 1780 2095 1841 illi
2131 1781 2393 1841 infinitos
2424 1781 2696 1842 dicebant
2729 1800 2861 1843 esse
2891 1782 3187 1856 articuloS,

595 1902 705 1943 nec
749 1903 867 1944 non
912 1885 1084 1945 etiam
1130 1902 1305 1963 supra
1348 1882 1532 1943 dictas
1576 1884 1893 1954 dictioneS,
1942 1900 2087 1959 quas
2129 1882 2578 1960 Apollonius
2623 1892 2679 1943 et
2720 1882 3189 1945 Herodianus

594 1993 653 2044 et
682 1984 1084 2064 Dionysius
1133 1985 1283 2046 iuter
1326 1984 1562 2044 nomina
1611 1982 2033 2044 rationabiliter
2079 1994 2419 2062 posuerunt.
2493 1985 2636 2045 haec
2679 1993 2872 2045 antem
2908 1985 3081 2045 latius
3127 1986 3187 2047 in
3209 2010 3258 2050 ιε

462 2085 741 2146 molitu-o
788 2087 886 2164 qui
931 2096 1023 2147 est
1063 2087 1135 2146 de
1182 2086 1528 2166 pronomine
1575 2086 1969 2145 tractavimus
2055 2084 2158 2144 sed
2206 2095 2268 2145 ιιι
2312 2084 2565 2146 breviter
2607 2086 2830 2158 dicam,
2878 2086 3008 2146 loco
3053 2106 3188 2166 pro-

591 2188 853 2266 priorum
890 2188 1194 2249 nominum
1234 2206 1349 2247 non
1398 2194 1647 2266 possunt
1691 2186 1876 2265 accipi
1925 2205 1991 2246 ea
2026 2205 2173 2264 quae
2204 2187 2493 2264 generalia
2541 2196 2678 2248 sunt
2714 2187 2886 2247 etiam
2930 2188 3187 2268 appella-

594 2288 874 2361 tivorum,
918 2289 1073 2365 quod
1120 2308 1288 2349 suum
1337 2296 1426 2348 est
1468 2286 1903 2367 pronominum.
1981 2306 2116 2348 nam
2163 2287 2427 2348 dicentes
2468 2288 2601 2366 quis
2648 2289 3077 2367 interrogamus
3112 2291 3186 2351 de

592 2390 749 2449 omni
797 2389 1158 2462 substantia,
1206 2389 1294 2449 vel
1340 2389 1529 2466 qualis
1574 2389 1644 2447 de
1689 2387 1847 2450 omni
1891 2388 2199 2466 qualitate,
2252 2388 2341 2448 vel
2381 2398 2636 2466 quantus
2681 2390 2756 2450 de
2795 2391 2953 2451 omni
3001 2409 3186 2468 quan-

591 2491 783 2563 titate,
835 2490 922 2549 vel
966 2500 1107 2567 quot
1153 2491 1225 2550 de
1273 2490 1429 2551 omni
1476 2508 1742 2550 numero.
1828 2508 2149 2569 pronomen
2197 2498 2392 2550 autem
2443 2490 2716 2551 delinitae
2759 2491 3005 2554 alicuius
3048 2512 3254 2572 per-20

462 2601 551 2651 141
596 2610 777 2652 sonae
813 2591 933 2651 vult
975 2610 1111 2652 esse
1147 2599 1203 2652 et
1247 2611 1367 2652 rem
1415 2600 1633 2652 certam
1682 2590 2031 2669 significare.
2118 2592 2274 2662 Quot
2317 2592 2589 2656 accidunt
2628 2593 3003 2671 pronomini?
3049 2595 3182 2668 Sex,

591 2693 820 2772 species
866 2711 1051 2772 genus
1107 2713 1389 2755 numerus
1447 2695 1631 2771 figura
1677 2711 1928 2772 persona
1978 2711 2171 2753 casus,
2263 2693 2444 2753 Cuius
2483 2702 2574 2754 est
2617 2693 2835 2772 speciei
2872 2693 2981 2755 tu?
3056 2696 3180 2757 Pri-

590 2794 837 2856 mitivae.
927 2795 1044 2855 Fac
1082 2795 1154 2857 ab
1196 2815 1265 2856 eo
1305 2795 1701 2857 derivativum.
1792 2794 1954 2855 Tuus
2001 2803 2095 2856 tua
2135 2804 2319 2867 tuum,
2368 2803 2427 2855 et
2469 2795 2808 2856 adverbium
2853 2797 3075 2871 tuatim,
3123 2807 3181 2859 et

589 2915 697 2977 per
738 2897 1035 2977 epectasin
1082 2907 1204 2958 tute
1247 2905 1304 2956 te
1337 2906 1638 2977 correpta,
1677 2905 1741 2957 ut

893 3019 928 3059 o
972 2999 1138 3059 Tite
1179 3008 1330 3059 tute
1375 2998 1567 3071 Tati,
1616 2996 1754 3058 tibi
1801 3005 2007 3058 tanta
2059 3005 2368 3075 tyranne
2413 2998 2683 3059 tulisti.
3193 3025 3246 3064 ²⁵

588 3100 767 3161 Cuius
811 3109 901 3161 est
935 3098 1207 3178 generis?
1252 3101 1592 3161 Communis
1654 3100 1826 3160 trium
1867 3117 2176 3176 generum:
2239 3100 2533 3177 quomodo
2581 3101 2735 3160 enim
2786 3103 2941 3182 apud
2987 3105 3164 3165 Grae-

586 3221 687 3262 cos
737 3195 850 3281 ἐγῶ
903 3196 980 3261 σύ
1022 3186 1095 3259 οὗ
1141 3202 1314 3262 trium
1373 3221 1650 3281 generum
1701 3210 1841 3264 sunt
1901 3201 2263 3274 communia,
2321 3202 2407 3262 sic
2448 3210 2503 3261 et
2549 3203 2702 3282 apud
2743 3208 2753 3279 1
2792 3223 2900 3265 nos
2947 3224 3054 3283 ego
3104 3216 3167 3269 tu

584 3304 697 3364 mei
730 3305 810 3365 tui
851 3305 981 3364 sui:
1031 3302 1255 3363 numeri
1295 3303 1638 3379 singularis,
1687 3306 1906 3382 figurae
1949 3302 2260 3381 simpliciS,
2298 3323 2584 3383 personae
2620 3305 2945 3380 secundae,
2993 3326 3169 3369 casus

584 3404 917 3464 nominativi
975 3412 1031 3462 et
1089 3406 1345 3465 vocativi.
1430 3406 1525 3466 hic
1580 3414 1772 3465 autem
1825 3404 2011 3481 magis
2066 3405 2454 3465 nominativus
2512 3414 2631 3481 est,
2689 3425 2821 3467 cum
2871 3428 2978 3487 per
3030 3430 3172 3490 apo-

545 3507 866 3594 ·strophen
906 3506 1147 3580 dicitur,
1195 3526 1343 3585 quae
1377 3506 1551 3585 exigit
1586 3505 2036 3577 nominativum,
2078 3514 2135 3566 et
2164 3524 2295 3566 cum
2323 3524 2556 3583 quoque
2583 3508 2977 3585 coniunctum,
3015 3514 3169 3589 quod
3192 3538 3245 3578 30

584 3606 656 3666 ad
700 3607 845 3668 alios
877 3606 1262 3668 nominativos
1299 3608 1544 3668 relatum
1592 3615 1710 3680 est,
1759 3607 1813 3667 id
1863 3614 1953 3667 est
2007 3614 2069 3666 ut
2106 3607 2366 3667 Misenus
2396 3614 2453 3667 et
2485 3607 2790 3669 Palinurus
2828 3618 2887 3670 tu
2917 3628 3168 3691 qnoque.

454 3717 549 3768 142
757 3709 1060 3788 Quoque
1100 3729 1250 3788 quae
1295 3728 1430 3788 pars
1477 3708 1757 3769 orationis
1816 3707 1946 3770 est?
1995 3708 2371 3770 Coniunctio:
2434 3710 2719 3789 accipitur
2762 3713 2912 3774 enim
2961 3733 3069 3794 pro
3115 3723 3172 3776 et

581 3818 662 3871 tu.
744 3818 835 3871 est
878 3819 1071 3871 tamen
1117 3811 1290 3871 etiam
1337 3811 1469 3870 loco
1514 3809 1769 3871 adverbii
1815 3810 2073 3871 invenire
2120 3810 2272 3870 hanc
2315 3810 2628 3871 dictionem
2675 3814 2956 3891 positam,
3002 3826 3067 3879 ιιι
3110 3819 3169 3879 in

581 3912 767 3991 primo
817 3912 1185 3974 Aeneidos

718 4152 749 4199 5
783 4161 902 4213 quot
946 4158 1132 4213 quotus
1168 4158 1217 4198 et
1257 4150 1524 4211 quotennis
1572 4158 1621 4197 et
1659 4159 1910 4211 quotenus
1953 4164 1987 4206 ς
2151 4153 2180 4200 7
2220 4153 2388 4201 omnia
2428 4152 2473 4201 G
2517 4152 2722 4200 nomina
2763 4153 2845 4203 CS
2981 4156 3168 4207 latinae

580 4219 707 4270 GGS
833 4221 1106 4284 scriptores
1133 4219 1173 4267 S
1221 4219 1521 4284 scriptorum
1560 4220 1645 4270 CG
1767 4219 1802 4269 8
1826 4218 2092 4284 Didymus]
2124 4223 2376 4272 Priscian.
2403 4237 2457 4284 p.
2476 4221 2581 4271 9¹0
2719 4223 2755 4273 9
2781 4222 2904 4273 haec
2933 4239 3168 4276 numera—

578 4299 759 4338 uernnt
786 4290 829 4340 G
866 4288 990 4337 haec
1021 4289 1407 4338 nominauerunt
1436 4289 1477 4338 C
1501 4305 1513 4337 ε
1542 4288 1666 4338 haec
1696 4303 1794 4337 non
1823 4288 2108 4339 habuerunt
2132 4292 2223 4340 sed
2254 4292 2385 4340 inter
2409 4295 2711 4356 pronomina
2736 4291 2862 4342 haec
2888 4308 3168 4359 posuerunt

577 4359 713 4421 (rell.
745 4358 861 4420 om.)
889 4360 932 4408 S
1073 4359 1127 4408 tt
1170 4355 1330 4422 stoici]
1371 4359 1623 4408 Priscian.
1655 4373 1706 4420 p.
1752 4358 1876 4408 909.
1905 4359 2008 4408 574
2156 4362 2214 4409 12
2256 4377 2370 4410 esse
2415 4362 2660 4425 putabant
2685 4362 2727 4409 C
2761 4377 2875 4412 esse
2917 4373 3096 4430 putant
3123 4367 3167 4415 G

575 4427 812 4494 posuisse
851 4428 1173 4481 inueniuntur
1201 4427 1244 4476 S
1277 4429 1509 4492 posuisse
1548 4429 1819 4477 uideantur
1861 4427 1904 4475 l,
2050 4427 2111 4480 13
2155 4430 2225 4479 illi
2261 4430 2488 4479 infinitos
2523 4432 2564 4482 S
2612 4432 2686 4480 illi
2729 4431 2899 4483 finitos
2943 4434 3028 4483 CG

581 4497 642 4545 14
672 4496 970 4560 Apollonius
998 4505 1047 4545 et
1072 4496 1405 4560 Herodianus}
1435 4497 1688 4548 Priscian.
1708 4513 1761 4560 p.
1793 4497 1889 4548 581
1946 4522 1967 4542 ο
2045 4498 2104 4549 15
2131 4500 2380 4549 dionisius
2408 4500 2495 4549 GS
2517 4500 2764 4550 domisins
2796 4502 2838 4550 G
2857 4519 2875 4550 .·
2899 4504 2967 4564 cf.
3000 4503 3163 4557 Rekk.

574 4565 757 4616 anecd.
792 4566 827 4613 11
867 4580 919 4626 p.
947 4565 1048 4615 657
1191 4566 1240 4612 in
1291 4566 1417 4615 libro
1454 4567 1539 4626 qui
1576 4576 1653 4616 est
1701 4569 1764 4616 de
1801 4568 2123 4633 pronomine]
2158 4583 2213 4630 p.
2239 4570 2343 4619 970
2365 4585 2475 4632 sqq.
2627 4570 2691 4618 18
2725 4572 2861 4632 quod
2903 4587 3052 4621 suum
3090 4584 3167 4624 est

575 4634 932 4699 pronominum
963 4649 1052 4683 om.
1093 4633 1178 4683 CG
1320 4636 1385 4683 24
1421 4648 1512 4717 per
1547 4638 1810 4699 epentesin
1846 4645 2017 4702 tuapte
2045 4639 2087 4688 S
2226 4639 2292 4688 25
2333 4653 2362 4688 o
2391 4637 2520 4702 Tite]
2556 4639 2807 4688 Priscian.
2841 4655 2891 4701 ρ.
2921 4643 3025 4692 947

575 4711 822 4763 tyri-anne
850 4702 892 4751 C
915 4704 1111 4751 tii-anne
1145 4703 1187 4751 G
1318 4705 1383 4751 27
1414 4697 1518 4764 εγώ
1544 4702 1612 4753 οὐ
1645 4695 1732 4768 οὗ]
1765 4714 1815 4755 ει
1845 4720 1958 4754 oco!
1988 4715 2033 4753 et
2061 4707 2103 4755 C
2136 4717 2185 4757 et
2220 4723 2422 4759 ωιοοιει
2452 4709 2512 4769 G,
2540 4724 2630 4757 om.
2661 4707 2702 4755 S
2841 4710 2910 4761 29
2934 4726 3045 4760 cum
3078 4727 3167 4776 per

574 4768 921 4831 apostrophen
962 4771 1146 4819 dicitur
1171 4784 1299 4831 quae
1322 4772 1479 4835 exigit
1508 4776 1874 4823 nominatinum
1903 4783 1951 4823 et
1978 4790 2071 4825 om.
2101 4778 2185 4827 OG
2325 4777 2392 4827 :30
2417 4791 2528 4824 cnm
2552 4790 2752 4840 quoque
2777 4779 2927 4828 modo
2953 4782 3163 4831 coniun-

573 4844 712 4884 ctum
740 4835 824 4884 GG
960 4838 1028 4887 33
1057 4838 1106 4886 in
1133 4841 1295 4902 primo
1326 4842 1597 4907 Aeneidos]
1629 4861 1675 4891 v.
1708 4846 1739 4892 5
