<?xml version="1.0" encoding="UTF-8"?>
<!DOCTYPE html PUBLIC "-//W3C//DTD XHTML 1.0 Transitional//EN"
    "http://www.w3.org/TR/xhtml1/DTD/xhtml1-transitional.dtd">
<html xmlns="http://www.w3.org/1999/xhtml" xml:lang="en" lang="en">
 <head>
  <title>
</title>
<meta http-equiv="Content-Type" content="text/html;charset=utf-8" />
  <meta name='ocr-system' content='tesseract 3.04.00' />
  <meta name='ocr-capabilities' content='ocr_page ocr_carea ocr_par ocr_line ocrx_word'/>
</head>
<body>
  <div class='ocr_page' id='page_1' title='image "./grammaticilatin06hagagoog_0508.png"; bbox 0 0 3576 5595; ppageno 0'>
   <div class='ocr_carea' id='block_1_1' title="bbox 606 374 2083 440">
    <p class='ocr_par' dir='ltr' id='par_1_1' title="bbox 606 374 2083 440">
     <span class='ocr_line' id='line_1_1' title="bbox 606 374 2083 440; baseline 0.003 -5"><span class='ocrx_word' id='word_1_1' title='bbox 606 374 730 440; x_wconf 82' lang='lat'><strong>482</strong></span> <span class='ocrx_word' id='word_1_2' title='bbox 1713 377 2083 439; x_wconf 72' lang='lat' dir='ltr'><strong>PRtsctANt</strong></span> 
     </span>
    </p>
   </div>
   <div class='ocr_carea' id='block_1_2' title="bbox 607 491 3197 639">
    <p class='ocr_par' dir='ltr' id='par_1_2' title="bbox 607 491 3197 639">
     <span class='ocr_line' id='line_1_2' title="bbox 708 491 3090 548; baseline 0.003 -17"><span class='ocrx_word' id='word_1_3' title='bbox 708 503 753 544; x_wconf 82' lang='lat' dir='ltr'><strong>p.</strong></span> <span class='ocrx_word' id='word_1_4' title='bbox 783 491 896 531; x_wconf 67' lang='lat'><strong>12⁴4.</strong></span> <span class='ocrx_word' id='word_1_5' title='bbox 928 491 976 546; x_wconf 64' lang='lat'><strong>{5</strong></span> <span class='ocrx_word' id='word_1_6' title='bbox 1001 491 1047 531; x_wconf 88' lang='lat' dir='ltr'><strong>P.</strong></span> <span class='ocrx_word' id='word_1_7' title='bbox 2762 507 2807 548; x_wconf 76' lang='lat' dir='ltr'><strong>p.</strong></span> <span class='ocrx_word' id='word_1_8' title='bbox 2837 495 2927 536; x_wconf 66' lang='lat'><strong>8¹4.</strong></span> <span class='ocrx_word' id='word_1_9' title='bbox 2959 498 3006 536; x_wconf 69' lang='grc'>15</span> <span class='ocrx_word' id='word_1_10' title='bbox 3036 497 3090 538; x_wconf 86' lang='grc' dir='ltr'><strong>Κ.</strong></span> 
     </span>
     <span class='ocr_line' id='line_1_3' title="bbox 607 561 3197 639; baseline 0.002 -17"><span class='ocrx_word' id='word_1_11' title='bbox 607 562 723 623; x_wconf 79' lang='lat' dir='ltr'><strong>Fac</strong></span> <span class='ocrx_word' id='word_1_12' title='bbox 753 562 1128 623; x_wconf 84' lang='lat' dir='ltr'><strong>derivativum</strong></span> <span class='ocrx_word' id='word_1_13' title='bbox 1159 561 1232 623; x_wconf 88' lang='lat' dir='ltr'><strong>ab</strong></span> <span class='ocrx_word' id='word_1_14' title='bbox 1264 582 1333 621; x_wconf 90' lang='lat' dir='ltr'><strong>eo</strong></span> <span class='ocrx_word' id='word_1_15' title='bbox 1358 561 1514 639; x_wconf 86' lang='lat' dir='ltr'><strong>quod</strong></span> <span class='ocrx_word' id='word_1_16' title='bbox 1544 565 1895 624; x_wconf 86' lang='lat' dir='ltr'><strong>estAeneas.</strong></span> <span class='ocrx_word' id='word_1_17' title='bbox 1918 597 1923 606; x_wconf 91' lang='lat'><em>·</em></span> <span class='ocrx_word' id='word_1_18' title='bbox 1945 563 2349 626; x_wconf 76' lang='lat' dir='ltr'>possessivum</span> <span class='ocrx_word' id='word_1_19' title='bbox 2372 564 2625 626; x_wconf 89' lang='lat' dir='ltr'><strong>Aeneius</strong></span> <span class='ocrx_word' id='word_1_20' title='bbox 2656 567 2868 628; x_wconf 81' lang='lat' dir='ltr'>Aeneia</span> <span class='ocrx_word' id='word_1_21' title='bbox 2891 568 3197 639; x_wconf 86' lang='lat' dir='ltr'><strong>Aeneium,</strong></span> 
     </span>
    </p>
   </div>
   <div class='ocr_carea' id='block_1_3' title="bbox 606 664 3203 945">
    <p class='ocr_par' dir='ltr' id='par_1_3' title="bbox 606 664 3203 945">
     <span class='ocr_line' id='line_1_4' title="bbox 609 664 3203 749; baseline 0.003 -26"><span class='ocrx_word' id='word_1_22' title='bbox 609 672 667 723; x_wconf 91' lang='lat' dir='ltr'><strong>et</strong></span> <span class='ocrx_word' id='word_1_23' title='bbox 702 664 1025 725; x_wconf 87' lang='lat' dir='ltr'><strong>secundum</strong></span> <span class='ocrx_word' id='word_1_24' title='bbox 1056 664 1444 743; x_wconf 82' lang='lat' dir='ltr'><strong>Apuleium</strong></span> <span class='ocrx_word' id='word_1_25' title='bbox 1475 665 1842 725; x_wconf 85' lang='lat' dir='ltr'><strong>Aeneanicus</strong></span> <span class='ocrx_word' id='word_1_26' title='bbox 1887 667 2210 728; x_wconf 86' lang='lat' dir='ltr'><strong>Aeneanica</strong></span> <span class='ocrx_word' id='word_1_27' title='bbox 2250 665 2670 728; x_wconf 83' lang='lat' dir='ltr'><strong>Aeneanicum:</strong></span> <span class='ocrx_word' id='word_1_28' title='bbox 2713 668 2799 729; x_wconf 90' lang='lat' dir='ltr'><strong>sic</strong></span> <span class='ocrx_word' id='word_1_29' title='bbox 2836 669 2991 730; x_wconf 91' lang='lat' dir='ltr'><strong>enim</strong></span> <span class='ocrx_word' id='word_1_30' title='bbox 3033 670 3203 749; x_wconf 87' lang='lat' dir='ltr'><strong>ponit</strong></span> 
     </span>
     <span class='ocr_line' id='line_1_5' title="bbox 606 765 3201 848; baseline 0.002 -23"><span class='ocrx_word' id='word_1_31' title='bbox 606 765 1000 846; x_wconf 90' lang='lat' dir='ltr'><strong>in·epitomis</strong></span> <span class='ocrx_word' id='word_1_32' title='bbox 1057 766 1466 839; x_wconf 75' lang='lat' dir='ltr'><strong>historiarum,</strong></span> <span class='ocrx_word' id='word_1_33' title='bbox 1522 767 1983 828; x_wconf 72' lang='lat' dir='ltr'><strong>‘Aeneanica</strong></span> <span class='ocrx_word' id='word_1_34' title='bbox 2049 771 2279 846; x_wconf 65' lang='lat' dir='ltr'><strong>gens!</strong></span> <span class='ocrx_word' id='word_1_35' title='bbox 2368 770 2834 848; x_wconf 74' lang='lat' dir='ltr'><strong>patronymicum</strong></span> <span class='ocrx_word' id='word_1_36' title='bbox 2898 771 3201 832; x_wconf 78' lang='lat' dir='ltr'>Aeneades</span> 
     </span>
     <span class='ocr_line' id='line_1_6' title="bbox 607 867 3202 945; baseline 0.002 -18"><span class='ocrx_word' id='word_1_37' title='bbox 607 867 936 928; x_wconf 90' lang='lat' dir='ltr'><strong>secuudum</strong></span> <span class='ocrx_word' id='word_1_38' title='bbox 996 868 1342 945; x_wconf 80' lang='lat' dir='ltr'><strong>analogiam.</strong></span> <span class='ocrx_word' id='word_1_39' title='bbox 1431 886 1564 928; x_wconf 87' lang='lat' dir='ltr'><strong>nam</strong></span> <span class='ocrx_word' id='word_1_40' title='bbox 1627 869 1683 928; x_wconf 90' lang='lat' dir='ltr'><strong>in</strong></span> <span class='ocrx_word' id='word_1_41' title='bbox 1739 887 1805 929; x_wconf 90' lang='lat' dir='ltr'><strong>as</strong></span> <span class='ocrx_word' id='word_1_42' title='bbox 1855 868 1942 929; x_wconf 83' lang='lat' dir='ltr'><strong>vel</strong></span> <span class='ocrx_word' id='word_1_43' title='bbox 2000 870 2059 930; x_wconf 91' lang='lat' dir='ltr'><strong>in</strong></span> <span class='ocrx_word' id='word_1_44' title='bbox 2117 889 2181 930; x_wconf 89' lang='lat' dir='ltr'><strong>es</strong></span> <span class='ocrx_word' id='word_1_45' title='bbox 2229 869 2591 942; x_wconf 78' lang='lat' dir='ltr'><strong>desinentia,</strong></span> <span class='ocrx_word' id='word_1_46' title='bbox 2646 871 2695 931; x_wconf 91' lang='lat' dir='ltr'><strong>si</strong></span> <span class='ocrx_word' id='word_1_47' title='bbox 2745 871 2965 932; x_wconf 81' lang='lat' dir='ltr'><strong>faciunt</strong></span> <span class='ocrx_word' id='word_1_48' title='bbox 3024 872 3080 932; x_wconf 92' lang='lat' dir='ltr'><strong>in</strong></span> <span class='ocrx_word' id='word_1_49' title='bbox 3124 891 3202 932; x_wconf 88' lang='lat' dir='ltr'><strong>ov</strong></span> 
     </span>
    </p>
   </div>
   <div class='ocr_carea' id='block_1_4' title="bbox 482 968 3269 1051">
    <p class='ocr_par' dir='ltr' id='par_1_4' title="bbox 482 968 3269 1051">
     <span class='ocr_line' id='line_1_7' title="bbox 482 968 3269 1051; baseline 0 -22"><span class='ocrx_word' id='word_1_50' title='bbox 482 975 578 1029; x_wconf 91' lang='grc'><strong>100</strong></span> <span class='ocrx_word' id='word_1_51' title='bbox 611 968 942 1047; x_wconf 81' lang='lat' dir='ltr'><strong>genetivum</strong></span> <span class='ocrx_word' id='word_1_52' title='bbox 985 970 1304 1043; x_wconf 86' lang='lat' dir='ltr'><strong>Graecum,</strong></span> <span class='ocrx_word' id='word_1_53' title='bbox 1351 968 1410 1029; x_wconf 93' lang='lat' dir='ltr'><strong>in</strong></span> <span class='ocrx_word' id='word_1_54' title='bbox 1454 969 1594 1029; x_wconf 83' lang='lat' dir='ltr'><strong>ades</strong></span> <span class='ocrx_word' id='word_1_55' title='bbox 1642 969 1864 1029; x_wconf 78' lang='lat' dir='ltr'><strong>faciunt</strong></span> <span class='ocrx_word' id='word_1_56' title='bbox 1900 972 2315 1050; x_wconf 73' lang='lat' dir='ltr'><strong>patronymica.</strong></span> <span class='ocrx_word' id='word_1_57' title='bbox 2404 971 2598 1050; x_wconf 89' lang='lat' dir='ltr'><strong>itaque</strong></span> <span class='ocrx_word' id='word_1_58' title='bbox 2644 973 2758 1033; x_wconf 87' lang='lat' dir='ltr'><strong>hoc</strong></span> <span class='ocrx_word' id='word_1_59' title='bbox 2802 972 3019 1051; x_wconf 81' lang='lat' dir='ltr'><strong>ubique</strong></span> <span class='ocrx_word' id='word_1_60' title='bbox 3053 992 3203 1035; x_wconf 88' lang='lat' dir='ltr'><strong>usus</strong></span> <span class='ocrx_word' id='word_1_61' title='bbox 3238 991 3269 1030; x_wconf 78' lang='lat' dir='ltr'><strong>s</strong></span> 
     </span>
    </p>
   </div>
   <div class='ocr_carea' id='block_1_5' title="bbox 490 2095 578 2147">
    <p class='ocr_par' dir='ltr' id='par_1_5' title="bbox 490 2095 578 2147">
     <span class='ocr_line' id='line_1_8' title="bbox 490 2095 578 2147; baseline -0.023 0"><span class='ocrx_word' id='word_1_62' title='bbox 490 2095 578 2147; x_wconf 89' lang='lat' dir='ltr'><strong>tot</strong></span> 
     </span>
    </p>
   </div>
   <div class='ocr_carea' id='block_1_6' title="bbox 481 3010 576 3061">
    <p class='ocr_par' dir='ltr' id='par_1_6' title="bbox 481 3010 576 3061">
     <span class='ocr_line' id='line_1_9' title="bbox 481 3010 576 3061; baseline 0 -1"><span class='ocrx_word' id='word_1_63' title='bbox 481 3010 576 3061; x_wconf 76' lang='lat'><strong>102</strong></span> 
     </span>
    </p>
   </div>
   <div class='ocr_carea' id='block_1_7' title="bbox 608 1070 3276 3794">
    <p class='ocr_par' dir='ltr' id='par_1_7' title="bbox 608 1070 3276 3794">
     <span class='ocr_line' id='line_1_10' title="bbox 609 1070 1825 1150; baseline -0.001 -19"><span class='ocrx_word' id='word_1_64' title='bbox 609 1079 700 1131; x_wconf 90' lang='lat' dir='ltr'><strong>est</strong></span> <span class='ocrx_word' id='word_1_65' title='bbox 743 1078 916 1150; x_wconf 90' lang='lat' dir='ltr'><strong>poeta</strong></span> <span class='ocrx_word' id='word_1_66' title='bbox 943 1116 959 1143; x_wconf 92' lang='lat'><strong>,</strong></span> <span class='ocrx_word' id='word_1_67' title='bbox 999 1078 1064 1131; x_wconf 88' lang='lat' dir='ltr'><strong>ut</strong></span> <span class='ocrx_word' id='word_1_68' title='bbox 1100 1071 1160 1131; x_wconf 93' lang='lat' dir='ltr'><strong>in</strong></span> <span class='ocrx_word' id='word_1_69' title='bbox 1203 1081 1409 1131; x_wconf 78' lang='lat' dir='ltr'><strong>octavo</strong></span> <span class='ocrx_word' id='word_1_70' title='bbox 1453 1070 1825 1131; x_wconf 80' lang='lat' dir='ltr'><strong>Aeneidos</strong></span> 
     </span>
     <span class='ocr_line' id='line_1_11' title="bbox 909 1172 2749 1252; baseline 0.001 -19"><span class='ocrx_word' id='word_1_71' title='bbox 909 1172 1324 1233; x_wconf 85' lang='lat' dir='ltr'><strong>Aeneadae</strong></span> <span class='ocrx_word' id='word_1_72' title='bbox 1367 1172 1442 1233; x_wconf 91' lang='lat' dir='ltr'><strong>in</strong></span> <span class='ocrx_word' id='word_1_73' title='bbox 1490 1174 1763 1233; x_wconf 82' lang='lat' dir='ltr'><strong>ferrum</strong></span> <span class='ocrx_word' id='word_1_74' title='bbox 1807 1192 1937 1252; x_wconf 91' lang='lat' dir='ltr'><strong>pro</strong></span> <span class='ocrx_word' id='word_1_75' title='bbox 1982 1172 2339 1234; x_wconf 91' lang='lat' dir='ltr'><strong>libertate</strong></span> <span class='ocrx_word' id='word_1_76' title='bbox 2385 1173 2749 1248; x_wconf 81' lang='lat' dir='ltr'><strong>ruebant,</strong></span> 
     </span>
     <span class='ocr_line' id='line_1_12' title="bbox 608 1272 3199 1358; baseline 0.002 -24"><span class='ocrx_word' id='word_1_77' title='bbox 608 1282 667 1334; x_wconf 85' lang='lat' dir='ltr'><strong>et</strong></span> <span class='ocrx_word' id='word_1_78' title='bbox 704 1273 763 1334; x_wconf 93' lang='lat' dir='ltr'><strong>in</strong></span> <span class='ocrx_word' id='word_1_79' title='bbox 810 1273 999 1354; x_wconf 90' lang='lat' dir='ltr'><strong>primo</strong></span> <span class='ocrx_word' id='word_1_80' title='bbox 1044 1272 1348 1335; x_wconf 82' lang='lat' dir='ltr'><strong>‘defessi</strong></span> <span class='ocrx_word' id='word_1_81' title='bbox 1391 1277 1533 1335; x_wconf 89' lang='lat' dir='ltr'><strong>Aen</strong></span> <span class='ocrx_word' id='word_1_82' title='bbox 1554 1274 1821 1334; x_wconf 90' lang='lat' dir='ltr'><strong>eadae’.</strong></span> <span class='ocrx_word' id='word_1_83' title='bbox 1912 1275 1971 1334; x_wconf 90' lang='lat' dir='ltr'><strong>in</strong></span> <span class='ocrx_word' id='word_1_84' title='bbox 2019 1294 2137 1336; x_wconf 90' lang='lat' dir='ltr'><strong>uno</strong></span> <span class='ocrx_word' id='word_1_85' title='bbox 2177 1284 2369 1337; x_wconf 87' lang='lat' dir='ltr'><strong>tamen</strong></span> <span class='ocrx_word' id='word_1_86' title='bbox 2403 1275 2532 1336; x_wconf 91' lang='lat' dir='ltr'><strong>loco</strong></span> <span class='ocrx_word' id='word_1_87' title='bbox 2580 1277 2925 1338; x_wconf 86' lang='lat' dir='ltr'><strong>auctoritate</strong></span> <span class='ocrx_word' id='word_1_88' title='bbox 2968 1280 3199 1358; x_wconf 87' lang='lat' dir='ltr'><strong>poetica</strong></span> 
     </span>
     <span class='ocr_line' id='line_1_13' title="bbox 609 1375 2003 1454; baseline -0.001 -18"><span class='ocrx_word' id='word_1_89' title='bbox 609 1395 753 1437; x_wconf 91' lang='lat' dir='ltr'><strong>usus</strong></span> <span class='ocrx_word' id='word_1_90' title='bbox 796 1377 1047 1438; x_wconf 90' lang='lat' dir='ltr'><strong>Aenides</strong></span> <span class='ocrx_word' id='word_1_91' title='bbox 1092 1375 1263 1448; x_wconf 82' lang='lat' dir='ltr'><strong>dixit,</strong></span> <span class='ocrx_word' id='word_1_92' title='bbox 1318 1375 1375 1435; x_wconf 92' lang='lat' dir='ltr'><strong>in</strong></span> <span class='ocrx_word' id='word_1_93' title='bbox 1418 1396 1577 1437; x_wconf 91' lang='lat' dir='ltr'><strong>nono</strong></span> <span class='ocrx_word' id='word_1_94' title='bbox 1996 1449 2003 1454; x_wconf 15' lang='grc' dir='ltr'>η</span> 
     </span>
     <span class='ocr_line' id='line_1_14' title="bbox 912 1476 3276 1560; baseline -0.002 -21"><span class='ocrx_word' id='word_1_95' title='bbox 912 1478 1013 1540; x_wconf 91' lang='lat' dir='ltr'><strong>sit</strong></span> <span class='ocrx_word' id='word_1_96' title='bbox 1057 1478 1282 1552; x_wconf 87' lang='lat' dir='ltr'><strong>satis,</strong></span> <span class='ocrx_word' id='word_1_97' title='bbox 1329 1477 1642 1552; x_wconf 90' lang='lat' dir='ltr'><strong>Aenide,</strong></span> <span class='ocrx_word' id='word_1_98' title='bbox 1691 1477 1870 1538; x_wconf 86' lang='lat' dir='ltr'><strong>telis</strong></span> <span class='ocrx_word' id='word_1_99' title='bbox 1914 1478 2193 1558; x_wconf 90' lang='lat' dir='ltr'><strong>inpune</strong></span> <span class='ocrx_word' id='word_1_100' title='bbox 2238 1476 2685 1560; x_wconf 74' lang='lat' dir='ltr'><strong>Numallnum</strong></span> <span class='ocrx_word' id='word_1_101' title='bbox 3225 1496 3276 1536; x_wconf 79' lang='lat' dir='ltr'><strong>to</strong></span> 
     </span>
     <span class='ocr_line' id='line_1_15' title="bbox 915 1579 2499 1659; baseline 0 -18"><span class='ocrx_word' id='word_1_102' title='bbox 915 1579 1342 1659; x_wconf 89' lang='lat' dir='ltr'><strong>oppetiisse</strong></span> <span class='ocrx_word' id='word_1_103' title='bbox 1390 1579 1571 1652; x_wconf 81' lang='lat' dir='ltr'><strong>tuiS,</strong></span> <span class='ocrx_word' id='word_1_104' title='bbox 2494 1592 2499 1600; x_wconf 92' lang='grc'><em>·</em></span> 
     </span>
     <span class='ocr_line' id='line_1_16' title="bbox 612 1680 3200 1764; baseline 0.002 -23"><span class='ocrx_word' id='word_1_105' title='bbox 612 1680 775 1758; x_wconf 85' lang='lat' dir='ltr'><strong>quasi</strong></span> <span class='ocrx_word' id='word_1_106' title='bbox 819 1680 891 1740; x_wconf 89' lang='lat' dir='ltr'><strong>ab</strong></span> <span class='ocrx_word' id='word_1_107' title='bbox 943 1684 1173 1741; x_wconf 81' lang='lat' dir='ltr'><strong>Aeneus</strong></span> <span class='ocrx_word' id='word_1_108' title='bbox 1218 1680 1605 1755; x_wconf 75' lang='lat' dir='ltr'><strong>nominativo,</strong></span> <span class='ocrx_word' id='word_1_109' title='bbox 1668 1680 1820 1742; x_wconf 80' lang='lat' dir='ltr'><strong>sicut</strong></span> <span class='ocrx_word' id='word_1_110' title='bbox 1865 1701 1896 1741; x_wconf 92' lang='lat' dir='ltr'><strong>a</strong></span> <span class='ocrx_word' id='word_1_111' title='bbox 1945 1681 2154 1742; x_wconf 87' lang='lat' dir='ltr'><strong>Peleus</strong></span> <span class='ocrx_word' id='word_1_112' title='bbox 2197 1680 2444 1742; x_wconf 90' lang='lat' dir='ltr'><strong>Pelides.</strong></span> <span class='ocrx_word' id='word_1_113' title='bbox 2534 1682 2691 1742; x_wconf 90' lang='lat' dir='ltr'><strong>unde</strong></span> <span class='ocrx_word' id='word_1_114' title='bbox 2727 1683 2901 1744; x_wconf 89' lang='lat' dir='ltr'><strong>etiam</strong></span> <span class='ocrx_word' id='word_1_115' title='bbox 2945 1686 3200 1764; x_wconf 85' lang='lat' dir='ltr'><strong>poemati</strong></span> 
     </span>
     <span class='ocr_line' id='line_1_17' title="bbox 611 1782 3199 1864; baseline 0.002 -23"><span class='ocrx_word' id='word_1_116' title='bbox 611 1801 720 1843; x_wconf 92' lang='lat' dir='ltr'><strong>suo</strong></span> <span class='ocrx_word' id='word_1_117' title='bbox 758 1783 969 1843; x_wconf 92' lang='lat' dir='ltr'><strong>Aeneis</strong></span> <span class='ocrx_word' id='word_1_118' title='bbox 1016 1782 1346 1862; x_wconf 82' lang='lat' dir='ltr'><strong>inscripsit,</strong></span> <span class='ocrx_word' id='word_1_119' title='bbox 1393 1782 1548 1859; x_wconf 86' lang='lat' dir='ltr'><strong>quod</strong></span> <span class='ocrx_word' id='word_1_120' title='bbox 1593 1789 1681 1842; x_wconf 91' lang='lat' dir='ltr'><strong>est</strong></span> <span class='ocrx_word' id='word_1_121' title='bbox 1721 1783 2065 1844; x_wconf 81' lang='lat' dir='ltr'><strong>femininum</strong></span> <span class='ocrx_word' id='word_1_122' title='bbox 2110 1782 2435 1856; x_wconf 89' lang='lat' dir='ltr'><strong>Aeneidae,</strong></span> <span class='ocrx_word' id='word_1_123' title='bbox 2491 1784 2646 1861; x_wconf 89' lang='lat' dir='ltr'><strong>quod</strong></span> <span class='ocrx_word' id='word_1_124' title='bbox 2693 1803 2800 1864; x_wconf 91' lang='lat' dir='ltr'><strong>per</strong></span> <span class='ocrx_word' id='word_1_125' title='bbox 2861 1786 3199 1864; x_wconf 79' lang='lat' dir='ltr'><strong>synaeresin</strong></span> 
     </span>
     <span class='ocr_line' id='line_1_18' title="bbox 610 1882 3199 1967; baseline 0.001 -22"><span class='ocrx_word' id='word_1_126' title='bbox 610 1883 872 1945; x_wconf 88' lang='lat' dir='ltr'><strong>Aeniden</strong></span> <span class='ocrx_word' id='word_1_127' title='bbox 924 1884 1094 1958; x_wconf 85' lang='lat' dir='ltr'><strong>dixit,</strong></span> <span class='ocrx_word' id='word_1_128' title='bbox 1155 1884 1308 1945; x_wconf 88' lang='lat' dir='ltr'><strong>sicut</strong></span> <span class='ocrx_word' id='word_1_129' title='bbox 1355 1903 1465 1964; x_wconf 90' lang='lat' dir='ltr'><strong>pro</strong></span> <span class='ocrx_word' id='word_1_130' title='bbox 1518 1883 1781 1944; x_wconf 85' lang='lat' dir='ltr'><strong>Peleides</strong></span> <span class='ocrx_word' id='word_1_131' title='bbox 1832 1882 2079 1944; x_wconf 85' lang='lat' dir='ltr'><strong>Pelides.</strong></span> <span class='ocrx_word' id='word_1_132' title='bbox 2161 1892 2421 1944; x_wconf 89' lang='lat' dir='ltr'><strong>ceterum</strong></span> <span class='ocrx_word' id='word_1_133' title='bbox 2485 1885 2807 1946; x_wconf 86' lang='lat' dir='ltr'><strong>secundum</strong></span> <span class='ocrx_word' id='word_1_134' title='bbox 2872 1887 3199 1967; x_wconf 83' lang='lat' dir='ltr'><strong>analogiam</strong></span> 
     </span>
     <span class='ocr_line' id='line_1_19' title="bbox 611 1985 3274 2047; baseline 0 -1"><span class='ocrx_word' id='word_1_135' title='bbox 611 1985 684 2047; x_wconf 88' lang='lat' dir='ltr'><strong>ab</strong></span> <span class='ocrx_word' id='word_1_136' title='bbox 724 1985 992 2047; x_wconf 88' lang='lat' dir='ltr'><strong>Aeneade</strong></span> <span class='ocrx_word' id='word_1_137' title='bbox 1037 1990 1262 2047; x_wconf 86' lang='lat' dir='ltr'><strong>Aeneas</strong></span> <span class='ocrx_word' id='word_1_138' title='bbox 1306 1985 1559 2046; x_wconf 88' lang='lat' dir='ltr'><strong>debebat</strong></span> <span class='ocrx_word' id='word_1_139' title='bbox 1600 1985 1732 2045; x_wconf 91' lang='lat' dir='ltr'><strong>dici.</strong></span> <span class='ocrx_word' id='word_1_140' title='bbox 3224 2006 3274 2047; x_wconf 79' lang='lat' dir='ltr'><strong>is</strong></span> 
     </span>
     <span class='ocr_line' id='line_1_20' title="bbox 766 2083 3202 2167; baseline 0.002 -19"><span class='ocrx_word' id='word_1_141' title='bbox 766 2090 933 2149; x_wconf 67' lang='lat' dir='ltr'><strong>iam</strong></span> <span class='ocrx_word' id='word_1_142' title='bbox 977 2107 1127 2166; x_wconf 87' lang='lat' dir='ltr'><strong>quae</strong></span> <span class='ocrx_word' id='word_1_143' title='bbox 1171 2106 1309 2167; x_wconf 89' lang='lat' dir='ltr'><strong>pars</strong></span> <span class='ocrx_word' id='word_1_144' title='bbox 1353 2087 1634 2147; x_wconf 89' lang='lat' dir='ltr'><strong>orationis</strong></span> <span class='ocrx_word' id='word_1_145' title='bbox 1679 2083 1812 2147; x_wconf 77' lang='lat' dir='ltr'><strong>est?</strong></span> <span class='ocrx_word' id='word_1_146' title='bbox 1879 2086 2247 2148; x_wconf 83' lang='lat' dir='ltr'><strong>Adverbium.</strong></span> <span class='ocrx_word' id='word_1_147' title='bbox 2341 2088 2522 2148; x_wconf 90' lang='lat' dir='ltr'><strong>Cuius</strong></span> <span class='ocrx_word' id='word_1_148' title='bbox 2570 2095 2660 2147; x_wconf 88' lang='lat' dir='ltr'><strong>est</strong></span> <span class='ocrx_word' id='word_1_149' title='bbox 2692 2088 3202 2166; x_wconf 71' lang='lat' dir='ltr'><strong>significationis?</strong></span> 
     </span>
     <span class='ocr_line' id='line_1_21' title="bbox 613 2185 3199 2270; baseline 0.002 -22"><span class='ocrx_word' id='word_1_150' title='bbox 613 2189 995 2268; x_wconf 81' lang='lat' dir='ltr'><strong>TemporaliS.</strong></span> <span class='ocrx_word' id='word_1_151' title='bbox 1088 2185 1284 2270; x_wconf 64' lang='lat' dir='ltr'><strong>Cuflius</strong></span> <span class='ocrx_word' id='word_1_152' title='bbox 1327 2186 1587 2268; x_wconf 82' lang='lat' dir='ltr'><strong>speciei?</strong></span> <span class='ocrx_word' id='word_1_153' title='bbox 1634 2187 1981 2247; x_wconf 76' lang='lat' dir='ltr'><strong>Primitivae.</strong></span> <span class='ocrx_word' id='word_1_154' title='bbox 2060 2189 2241 2250; x_wconf 90' lang='lat' dir='ltr'><strong>Cuius</strong></span> <span class='ocrx_word' id='word_1_155' title='bbox 2286 2187 2554 2267; x_wconf 79' lang='lat' dir='ltr'><strong>figurae?</strong></span> <span class='ocrx_word' id='word_1_156' title='bbox 2612 2189 2927 2269; x_wconf 88' lang='lat' dir='ltr'><strong>Simplicis.</strong></span> <span class='ocrx_word' id='word_1_157' title='bbox 3011 2192 3199 2262; x_wconf 87' lang='lat' dir='ltr'><strong>Quem</strong></span> 
     </span>
     <span class='ocr_line' id='line_1_22' title="bbox 611 2287 3199 2369; baseline 0.003 -20"><span class='ocrx_word' id='word_1_158' title='bbox 611 2299 920 2351; x_wconf 86' lang='lat' dir='ltr'><strong>accentum</strong></span> <span class='ocrx_word' id='word_1_159' title='bbox 966 2287 1215 2369; x_wconf 76' lang='lat' dir='ltr'><strong>recipit?</strong></span> <span class='ocrx_word' id='word_1_160' title='bbox 1260 2290 1371 2350; x_wconf 89' lang='lat' dir='ltr'><strong>Per</strong></span> <span class='ocrx_word' id='word_1_161' title='bbox 1403 2309 1467 2350; x_wconf 90' lang='lat' dir='ltr'><strong>se</strong></span> <span class='ocrx_word' id='word_1_162' title='bbox 1499 2289 1759 2362; x_wconf 86' lang='lat' dir='ltr'><strong>acuitur,</strong></span> <span class='ocrx_word' id='word_1_163' title='bbox 1810 2289 1870 2349; x_wconf 93' lang='lat' dir='ltr'><strong>in</strong></span> <span class='ocrx_word' id='word_1_164' title='bbox 1917 2307 2084 2349; x_wconf 81' lang='lat' dir='ltr'><strong>versu</strong></span> <span class='ocrx_word' id='word_1_165' title='bbox 2132 2299 2324 2350; x_wconf 86' lang='lat' dir='ltr'><strong>autem</strong></span> <span class='ocrx_word' id='word_1_166' title='bbox 2362 2298 2662 2368; x_wconf 81' lang='lat' dir='ltr'><strong>gravatur,</strong></span> <span class='ocrx_word' id='word_1_167' title='bbox 2709 2290 2820 2352; x_wconf 91' lang='lat' dir='ltr'><strong>nisi</strong></span> <span class='ocrx_word' id='word_1_168' title='bbox 2865 2293 3199 2358; x_wconf 88' lang='lat' dir='ltr'><strong>encliticum</strong></span> 
     </span>
     <span class='ocr_line' id='line_1_23' title="bbox 615 2390 2328 2474; baseline -0.001 -23"><span class='ocrx_word' id='word_1_169' title='bbox 615 2391 667 2451; x_wconf 92' lang='lat' dir='ltr'><strong>ei</strong></span> <span class='ocrx_word' id='word_1_170' title='bbox 712 2391 1092 2469; x_wconf 87' lang='lat' dir='ltr'><strong>adiungatur:</strong></span> <span class='ocrx_word' id='word_1_171' title='bbox 1141 2398 1281 2452; x_wconf 89' lang='lat' dir='ltr'><strong>tunc</strong></span> <span class='ocrx_word' id='word_1_172' title='bbox 1325 2391 1478 2452; x_wconf 90' lang='lat' dir='ltr'><strong>enim</strong></span> <span class='ocrx_word' id='word_1_173' title='bbox 1525 2390 1766 2450; x_wconf 90' lang='lat' dir='ltr'><strong>acuitur.</strong></span> <span class='ocrx_word' id='word_1_174' title='bbox 2322 2467 2328 2474; x_wconf 12' lang='grc' dir='ltr'>ἢ</span> 
     </span>
     <span class='ocr_line' id='line_1_24' title="bbox 784 2490 3274 2574; baseline -0 -20"><span class='ocrx_word' id='word_1_175' title='bbox 784 2493 1040 2555; x_wconf 83' lang='lat' dir='ltr'><strong>Classe</strong></span> <span class='ocrx_word' id='word_1_176' title='bbox 1084 2513 1232 2573; x_wconf 89' lang='lat' dir='ltr'><strong>quae</strong></span> <span class='ocrx_word' id='word_1_177' title='bbox 1275 2512 1413 2574; x_wconf 86' lang='lat' dir='ltr'><strong>pars</strong></span> <span class='ocrx_word' id='word_1_178' title='bbox 1454 2492 1735 2552; x_wconf 89' lang='lat' dir='ltr'><strong>orationis</strong></span> <span class='ocrx_word' id='word_1_179' title='bbox 1771 2490 1901 2552; x_wconf 82' lang='lat' dir='ltr'><strong>est?</strong></span> <span class='ocrx_word' id='word_1_180' title='bbox 1941 2492 2185 2552; x_wconf 86' lang='lat' dir='ltr'><strong>Nomen.</strong></span> <span class='ocrx_word' id='word_1_181' title='bbox 2262 2491 2487 2563; x_wconf 81' lang='lat' dir='ltr'><strong>Quale?</strong></span> <span class='ocrx_word' id='word_1_182' title='bbox 2532 2493 2972 2572; x_wconf 81' lang='lat' dir='ltr'><strong>Appellativum.</strong></span> <span class='ocrx_word' id='word_1_183' title='bbox 3020 2496 3274 2558; x_wconf 69' lang='lat' dir='ltr'><strong>Cuiuszo</strong></span> 
     </span>
     <span class='ocr_line' id='line_1_25' title="bbox 615 2588 3200 2674; baseline 0.001 -20"><span class='ocrx_word' id='word_1_184' title='bbox 615 2592 876 2673; x_wconf 78' lang='lat' dir='ltr'><strong>speciei?</strong></span> <span class='ocrx_word' id='word_1_185' title='bbox 920 2595 1258 2657; x_wconf 89' lang='lat' dir='ltr'><strong>Secundum</strong></span> <span class='ocrx_word' id='word_1_186' title='bbox 1301 2594 1586 2674; x_wconf 89' lang='lat' dir='ltr'><strong>quosdam</strong></span> <span class='ocrx_word' id='word_1_187' title='bbox 1623 2591 2001 2653; x_wconf 82' lang='lat' dir='ltr'><strong>derivativae:</strong></span> <span class='ocrx_word' id='word_1_188' title='bbox 2063 2595 2297 2671; x_wconf 86' lang='lat' dir='ltr'><strong>quidam</strong></span> <span class='ocrx_word' id='word_1_189' title='bbox 2338 2594 2492 2654; x_wconf 90' lang='lat' dir='ltr'><strong>enim</strong></span> <span class='ocrx_word' id='word_1_190' title='bbox 2534 2594 2857 2659; x_wconf 85' lang='lat' dir='ltr'><strong>derivatum</strong></span> <span class='ocrx_word' id='word_1_191' title='bbox 2907 2616 3039 2659; x_wconf 90' lang='lat' dir='ltr'><strong>esse</strong></span> <span class='ocrx_word' id='word_1_192' title='bbox 3081 2588 3200 2656; x_wconf 73' lang='grc' dir='ltr'><strong>ἀπὸ</strong></span> 
     </span>
     <span class='ocr_line' id='line_1_26' title="bbox 612 2685 3203 2777; baseline 0.002 -23"><span class='ocrx_word' id='word_1_193' title='bbox 612 2695 731 2755; x_wconf 79' lang='grc' dir='ltr'><strong>τῶν</strong></span> <span class='ocrx_word' id='word_1_194' title='bbox 762 2689 961 2755; x_wconf 77' lang='grc' dir='ltr'><em>κάλων</em></span> <span class='ocrx_word' id='word_1_195' title='bbox 1007 2705 1231 2776; x_wconf 87' lang='lat' dir='ltr'><strong>putant.</strong></span> <span class='ocrx_word' id='word_1_196' title='bbox 1271 2705 1410 2756; x_wconf 60' lang='lat' dir='ltr'><strong>aest</strong></span> <span class='ocrx_word' id='word_1_197' title='bbox 1457 2704 1650 2756; x_wconf 88' lang='lat' dir='ltr'><strong>autem</strong></span> <span class='ocrx_word' id='word_1_198' title='bbox 1696 2685 2015 2771; x_wconf 75' lang='grc' dir='ltr'>ὁμώνυμον</span> <span class='ocrx_word' id='word_1_199' title='bbox 2047 2696 2131 2755; x_wconf 87' lang='lat' dir='ltr'><strong>vel</strong></span> <span class='ocrx_word' id='word_1_200' title='bbox 2181 2695 2508 2756; x_wconf 87' lang='lat' dir='ltr'><strong>univocum.</strong></span> <span class='ocrx_word' id='word_1_201' title='bbox 2598 2715 2729 2757; x_wconf 85' lang='lat' dir='ltr'><strong>nam</strong></span> <span class='ocrx_word' id='word_1_202' title='bbox 2768 2697 2934 2777; x_wconf 91' lang='lat' dir='ltr'><strong>plura</strong></span> <span class='ocrx_word' id='word_1_203' title='bbox 2980 2699 3203 2777; x_wconf 79' lang='lat' dir='ltr'><strong>signifi-</strong></span> 
     </span>
     <span class='ocr_line' id='line_1_27' title="bbox 615 2795 3203 2878; baseline 0 -19"><span class='ocrx_word' id='word_1_204' title='bbox 615 2808 741 2874; x_wconf 89' lang='lat' dir='ltr'><strong>cat,</strong></span> <span class='ocrx_word' id='word_1_205' title='bbox 807 2799 865 2858; x_wconf 90' lang='lat' dir='ltr'><strong>id</strong></span> <span class='ocrx_word' id='word_1_206' title='bbox 924 2807 1014 2860; x_wconf 90' lang='lat' dir='ltr'><strong>est</strong></span> <span class='ocrx_word' id='word_1_207' title='bbox 1065 2808 1124 2860; x_wconf 89' lang='lat' dir='ltr'><strong>et</strong></span> <span class='ocrx_word' id='word_1_208' title='bbox 1178 2800 1410 2861; x_wconf 82' lang='lat' dir='ltr'><strong>navium</strong></span> <span class='ocrx_word' id='word_1_209' title='bbox 1469 2795 1899 2858; x_wconf 87' lang='lat' dir='ltr'><strong>multitudinem</strong></span> <span class='ocrx_word' id='word_1_210' title='bbox 1960 2805 2017 2856; x_wconf 90' lang='lat' dir='ltr'><strong>et</strong></span> <span class='ocrx_word' id='word_1_211' title='bbox 2072 2796 2372 2859; x_wconf 83' lang='lat' dir='ltr'><strong>bominum</strong></span> <span class='ocrx_word' id='word_1_212' title='bbox 2442 2797 2721 2876; x_wconf 84' lang='lat' dir='ltr'><strong>collegia,</strong></span> <span class='ocrx_word' id='word_1_213' title='bbox 2787 2818 2936 2878; x_wconf 89' lang='lat' dir='ltr'><strong>quae</strong></span> <span class='ocrx_word' id='word_1_214' title='bbox 2998 2800 3203 2864; x_wconf 84' lang='lat' dir='ltr'><strong>Graeci</strong></span> 
     </span>
     <span class='ocr_line' id='line_1_28' title="bbox 614 2898 3197 2978; baseline 0.002 -19"><span class='ocrx_word' id='word_1_215' title='bbox 614 2898 859 2975; x_wconf 81' lang='grc' dir='ltr'><strong><em>σπείρας</em></strong></span> <span class='ocrx_word' id='word_1_216' title='bbox 903 2909 1143 2975; x_wconf 86' lang='lat' dir='ltr'><strong>vocant,</strong></span> <span class='ocrx_word' id='word_1_217' title='bbox 1191 2908 1250 2960; x_wconf 83' lang='lat' dir='ltr'><strong>et</strong></span> <span class='ocrx_word' id='word_1_218' title='bbox 1291 2900 1551 2978; x_wconf 86' lang='lat' dir='ltr'><strong>equitum</strong></span> <span class='ocrx_word' id='word_1_219' title='bbox 1605 2899 1861 2961; x_wconf 79' lang='lat' dir='ltr'><strong>ordineS.</strong></span> <span class='ocrx_word' id='word_1_220' title='bbox 1947 2899 2063 2959; x_wconf 91' lang='lat' dir='ltr'><strong>Fac</strong></span> <span class='ocrx_word' id='word_1_221' title='bbox 2119 2898 2512 2960; x_wconf 83' lang='lat' dir='ltr'><strong>derivativum.</strong></span> <span class='ocrx_word' id='word_1_222' title='bbox 2602 2900 2898 2962; x_wconf 83' lang='lat' dir='ltr'><strong>Classicus</strong></span> <span class='ocrx_word' id='word_1_223' title='bbox 2951 2902 3197 2964; x_wconf 88' lang='lat' dir='ltr'><strong>classica</strong></span> 
     </span>
     <span class='ocr_line' id='line_1_29' title="bbox 616 3000 3271 3081; baseline -0.002 -19"><span class='ocrx_word' id='word_1_224' title='bbox 616 3003 948 3064; x_wconf 88' lang='lat' dir='ltr'><strong>classicum.</strong></span> <span class='ocrx_word' id='word_1_225' title='bbox 1013 3004 1242 3064; x_wconf 90' lang='lat' dir='ltr'><strong>sonitus</strong></span> <span class='ocrx_word' id='word_1_226' title='bbox 1275 3020 1511 3081; x_wconf 86' lang='lat' dir='ltr'><strong>quoque</strong></span> <span class='ocrx_word' id='word_1_227' title='bbox 1553 3000 1826 3062; x_wconf 88' lang='lat' dir='ltr'><strong>tubarum</strong></span> <span class='ocrx_word' id='word_1_228' title='bbox 1860 3000 2171 3062; x_wconf 89' lang='lat' dir='ltr'><strong>classicum</strong></span> <span class='ocrx_word' id='word_1_229' title='bbox 2219 3001 2354 3061; x_wconf 91' lang='lat' dir='ltr'><strong>inde</strong></span> <span class='ocrx_word' id='word_1_230' title='bbox 2387 3000 2753 3075; x_wconf 89' lang='lat' dir='ltr'><strong>nominatur,</strong></span> <span class='ocrx_word' id='word_1_231' title='bbox 2802 3003 2933 3080; x_wconf 89' lang='lat' dir='ltr'><strong>quia</strong></span> <span class='ocrx_word' id='word_1_232' title='bbox 2976 3004 3271 3065; x_wconf 68' lang='lat' dir='ltr'><strong>classesas</strong></span> 
     </span>
     <span class='ocr_line' id='line_1_30' title="bbox 616 3102 3008 3184; baseline -0.001 -18"><span class='ocrx_word' id='word_1_233' title='bbox 616 3105 876 3184; x_wconf 87' lang='lat' dir='ltr'><strong>equitum</strong></span> <span class='ocrx_word' id='word_1_234' title='bbox 922 3104 1161 3166; x_wconf 87' lang='lat' dir='ltr'><strong>ordines</strong></span> <span class='ocrx_word' id='word_1_235' title='bbox 1205 3111 1521 3175; x_wconf 85' lang='lat' dir='ltr'><strong>vocantur,</strong></span> <span class='ocrx_word' id='word_1_236' title='bbox 1567 3112 1630 3164; x_wconf 88' lang='lat' dir='ltr'><strong>ut</strong></span> <span class='ocrx_word' id='word_1_237' title='bbox 1674 3103 1897 3164; x_wconf 87' lang='lat' dir='ltr'><strong>dictum</strong></span> <span class='ocrx_word' id='word_1_238' title='bbox 1944 3111 2064 3175; x_wconf 88' lang='lat' dir='ltr'><strong>est,</strong></span> <span class='ocrx_word' id='word_1_239' title='bbox 2108 3103 2209 3180; x_wconf 88' lang='lat' dir='ltr'><strong>qui</strong></span> <span class='ocrx_word' id='word_1_240' title='bbox 2255 3102 2505 3164; x_wconf 80' lang='lat' dir='ltr'><strong>maxime</strong></span> <span class='ocrx_word' id='word_1_241' title='bbox 2548 3110 2793 3163; x_wconf 90' lang='lat' dir='ltr'><strong>utuntur</strong></span> <span class='ocrx_word' id='word_1_242' title='bbox 2836 3104 3008 3165; x_wconf 83' lang='lat' dir='ltr'><strong>tubis.</strong></span> 
     </span>
     <span class='ocr_line' id='line_1_31' title="bbox 787 3203 3203 3285; baseline -0 -18"><span class='ocrx_word' id='word_1_243' title='bbox 787 3206 1130 3268; x_wconf 81' lang='lat' dir='ltr'><strong>Tenebat</strong></span> <span class='ocrx_word' id='word_1_244' title='bbox 1179 3224 1328 3285; x_wconf 89' lang='lat' dir='ltr'><strong>quae</strong></span> <span class='ocrx_word' id='word_1_245' title='bbox 1379 3224 1518 3285; x_wconf 89' lang='lat' dir='ltr'><strong>pars</strong></span> <span class='ocrx_word' id='word_1_246' title='bbox 1574 3204 1857 3266; x_wconf 84' lang='lat' dir='ltr'><strong>orationis</strong></span> <span class='ocrx_word' id='word_1_247' title='bbox 1903 3203 2035 3265; x_wconf 81' lang='lat' dir='ltr'><strong>est?</strong></span> <span class='ocrx_word' id='word_1_248' title='bbox 2080 3203 2353 3265; x_wconf 88' lang='lat' dir='ltr'><strong>Verbum.</strong></span> <span class='ocrx_word' id='word_1_249' title='bbox 2426 3204 2674 3264; x_wconf 90' lang='lat' dir='ltr'><strong>Verbum</strong></span> <span class='ocrx_word' id='word_1_250' title='bbox 2710 3205 2851 3283; x_wconf 84' lang='lat' dir='ltr'><strong>quid</strong></span> <span class='ocrx_word' id='word_1_251' title='bbox 2899 3204 3031 3267; x_wconf 80' lang='lat' dir='ltr'><strong>est?</strong></span> <span class='ocrx_word' id='word_1_252' title='bbox 3097 3207 3203 3268; x_wconf 89' lang='lat' dir='ltr'><strong>Se-</strong></span> 
     </span>
     <span class='ocr_line' id='line_1_32' title="bbox 618 3306 3204 3387; baseline 0 -19"><span class='ocrx_word' id='word_1_253' title='bbox 618 3310 872 3370; x_wconf 90' lang='lat' dir='ltr'><strong>cundum</strong></span> <span class='ocrx_word' id='word_1_254' title='bbox 914 3308 1279 3369; x_wconf 88' lang='lat' dir='ltr'><strong>Donatum</strong></span> <span class='ocrx_word' id='word_1_255' title='bbox 1323 3326 1462 3387; x_wconf 90' lang='lat' dir='ltr'><strong>pars</strong></span> <span class='ocrx_word' id='word_1_256' title='bbox 1503 3306 1782 3367; x_wconf 89' lang='lat' dir='ltr'><strong>orationis</strong></span> <span class='ocrx_word' id='word_1_257' title='bbox 1829 3325 1963 3367; x_wconf 91' lang='lat' dir='ltr'><strong>cum</strong></span> <span class='ocrx_word' id='word_1_258' title='bbox 2009 3314 2274 3386; x_wconf 82' lang='lat' dir='ltr'><strong>tempore</strong></span> <span class='ocrx_word' id='word_1_259' title='bbox 2319 3317 2377 3367; x_wconf 92' lang='lat' dir='ltr'><strong>et</strong></span> <span class='ocrx_word' id='word_1_260' title='bbox 2421 3325 2672 3386; x_wconf 90' lang='lat' dir='ltr'><strong>persona</strong></span> <span class='ocrx_word' id='word_1_261' title='bbox 2720 3307 2847 3368; x_wconf 91' lang='lat' dir='ltr'><strong>sine</strong></span> <span class='ocrx_word' id='word_1_262' title='bbox 2893 3326 3065 3382; x_wconf 90' lang='lat' dir='ltr'><strong>casu,</strong></span> <span class='ocrx_word' id='word_1_263' title='bbox 3110 3327 3204 3369; x_wconf 89' lang='lat' dir='ltr'><strong>se-</strong></span> 
     </span>
     <span class='ocr_line' id='line_1_33' title="bbox 618 3407 3202 3488; baseline 0 -17"><span class='ocrx_word' id='word_1_264' title='bbox 618 3413 875 3472; x_wconf 89' lang='lat' dir='ltr'><strong>cundum</strong></span> <span class='ocrx_word' id='word_1_265' title='bbox 933 3411 1077 3472; x_wconf 90' lang='lat' dir='ltr'><strong>alios</strong></span> <span class='ocrx_word' id='word_1_266' title='bbox 1131 3428 1268 3488; x_wconf 85' lang='lat' dir='ltr'><strong>pars</strong></span> <span class='ocrx_word' id='word_1_267' title='bbox 1323 3409 1602 3469; x_wconf 84' lang='lat' dir='ltr'><strong>orationis</strong></span> <span class='ocrx_word' id='word_1_268' title='bbox 1658 3427 1791 3469; x_wconf 91' lang='lat' dir='ltr'><strong>cum</strong></span> <span class='ocrx_word' id='word_1_269' title='bbox 1844 3415 2108 3488; x_wconf 88' lang='lat' dir='ltr'><strong>tempore</strong></span> <span class='ocrx_word' id='word_1_270' title='bbox 2163 3415 2222 3467; x_wconf 88' lang='lat' dir='ltr'><strong>et</strong></span> <span class='ocrx_word' id='word_1_271' title='bbox 2269 3407 2457 3467; x_wconf 90' lang='lat' dir='ltr'><strong>modis</strong></span> <span class='ocrx_word' id='word_1_272' title='bbox 2504 3408 2631 3468; x_wconf 90' lang='lat' dir='ltr'><strong>sine</strong></span> <span class='ocrx_word' id='word_1_273' title='bbox 2686 3428 2826 3470; x_wconf 88' lang='lat' dir='ltr'><strong>casu</strong></span> <span class='ocrx_word' id='word_1_274' title='bbox 2877 3419 3068 3471; x_wconf 84' lang='lat' dir='ltr'><strong>actum</strong></span> <span class='ocrx_word' id='word_1_275' title='bbox 3116 3409 3202 3471; x_wconf 82' lang='lat' dir='ltr'><strong>vel</strong></span> 
     </span>
     <span class='ocr_line' id='line_1_34' title="bbox 618 3507 3275 3593; baseline -0.001 -18"><span class='ocrx_word' id='word_1_276' title='bbox 618 3514 950 3593; x_wconf 88' lang='lat' dir='ltr'><strong>passionem</strong></span> <span class='ocrx_word' id='word_1_277' title='bbox 996 3511 1349 3590; x_wconf 66' lang='lat' dir='ltr'><strong>significans,</strong></span> <span class='ocrx_word' id='word_1_278' title='bbox 1440 3529 1558 3570; x_wconf 91' lang='lat' dir='ltr'><strong>non</strong></span> <span class='ocrx_word' id='word_1_279' title='bbox 1600 3510 1752 3570; x_wconf 91' lang='lat' dir='ltr'><strong>enim</strong></span> <span class='ocrx_word' id='word_1_280' title='bbox 1801 3510 1995 3570; x_wconf 89' lang='lat' dir='ltr'><strong>omnia</strong></span> <span class='ocrx_word' id='word_1_281' title='bbox 2041 3507 2212 3569; x_wconf 77' lang='lat' dir='ltr'><strong>verba</strong></span> <span class='ocrx_word' id='word_1_282' title='bbox 2256 3528 2542 3587; x_wconf 88' lang='lat' dir='ltr'><strong>personas</strong></span> <span class='ocrx_word' id='word_1_283' title='bbox 2586 3508 2833 3583; x_wconf 85' lang='lat' dir='ltr'><strong>habent,</strong></span> <span class='ocrx_word' id='word_1_284' title='bbox 2872 3521 2935 3570; x_wconf 93' lang='lat' dir='ltr'><strong>ut</strong></span> <span class='ocrx_word' id='word_1_285' title='bbox 2979 3511 3275 3572; x_wconf 51' lang='lat' dir='ltr'><strong>infinita&amp;</strong></span> 
     </span>
     <span class='ocr_line' id='line_1_35' title="bbox 617 3610 3201 3695; baseline -0 -21"><span class='ocrx_word' id='word_1_286' title='bbox 617 3623 675 3674; x_wconf 90' lang='lat' dir='ltr'><strong>et</strong></span> <span class='ocrx_word' id='word_1_287' title='bbox 732 3614 1147 3695; x_wconf 90' lang='lat' dir='ltr'><strong>impersonalia</strong></span> <span class='ocrx_word' id='word_1_288' title='bbox 1205 3620 1266 3672; x_wconf 87' lang='lat' dir='ltr'><strong>et</strong></span> <span class='ocrx_word' id='word_1_289' title='bbox 1318 3610 1634 3689; x_wconf 84' lang='lat' dir='ltr'><strong>gerundia;</strong></span> <span class='ocrx_word' id='word_1_290' title='bbox 1709 3619 1941 3691; x_wconf 84' lang='lat' dir='ltr'><strong>oportet</strong></span> <span class='ocrx_word' id='word_1_291' title='bbox 1997 3619 2191 3672; x_wconf 89' lang='lat' dir='ltr'><strong>autem</strong></span> <span class='ocrx_word' id='word_1_292' title='bbox 2260 3610 2633 3672; x_wconf 81' lang='lat' dir='ltr'><strong>definitiones</strong></span> <span class='ocrx_word' id='word_1_293' title='bbox 2691 3612 2992 3690; x_wconf 82' lang='lat' dir='ltr'><strong>generales</strong></span> <span class='ocrx_word' id='word_1_294' title='bbox 3050 3631 3201 3674; x_wconf 91' lang='lat' dir='ltr'><strong>esse.</strong></span> 
     </span>
     <span class='ocr_line' id='line_1_36' title="bbox 619 3711 3205 3794; baseline -0.002 -16"><span class='ocrx_word' id='word_1_295' title='bbox 619 3719 775 3787; x_wconf 81' lang='lat' dir='ltr'><strong>Quot</strong></span> <span class='ocrx_word' id='word_1_296' title='bbox 816 3716 1091 3777; x_wconf 88' lang='lat' dir='ltr'><strong>accidunt</strong></span> <span class='ocrx_word' id='word_1_297' title='bbox 1120 3711 1338 3775; x_wconf 81' lang='lat' dir='ltr'><strong>verbo?</strong></span> <span class='ocrx_word' id='word_1_298' title='bbox 1377 3711 1640 3784; x_wconf 88' lang='lat' dir='ltr'><strong>Qualitas</strong></span> <span class='ocrx_word' id='word_1_299' title='bbox 1682 3712 2015 3791; x_wconf 79' lang='lat' dir='ltr'><strong>coniugatio</strong></span> <span class='ocrx_word' id='word_1_300' title='bbox 2059 3731 2245 3792; x_wconf 85' lang='lat' dir='ltr'><strong>genus</strong></span> <span class='ocrx_word' id='word_1_301' title='bbox 2285 3732 2565 3774; x_wconf 91' lang='lat' dir='ltr'><strong>numerus</strong></span> <span class='ocrx_word' id='word_1_302' title='bbox 2601 3714 2785 3792; x_wconf 87' lang='lat' dir='ltr'><strong>figura</strong></span> <span class='ocrx_word' id='word_1_303' title='bbox 2811 3722 3041 3793; x_wconf 89' lang='lat' dir='ltr'><strong>tempus</strong></span> <span class='ocrx_word' id='word_1_304' title='bbox 3069 3733 3205 3794; x_wconf 90' lang='lat' dir='ltr'><strong>per-</strong></span> 
     </span>
    </p>
   </div>
   <div class='ocr_carea' id='block_1_8' title="bbox 754 3925 3207 4017">
    <p class='ocr_par' dir='ltr' id='par_1_8' title="bbox 754 3925 3207 4017">
     <span class='ocr_line' id='line_1_37' title="bbox 754 3925 3207 4017; baseline -0.002 -12"><span class='ocrx_word' id='word_1_305' title='bbox 754 3958 787 4005; x_wconf 85' lang='lat'><strong>2</strong></span> <span class='ocrx_word' id='word_1_306' title='bbox 831 3955 1135 4005; x_wconf 77' lang='lat' dir='ltr'><strong>aeneanicus</strong></span> <span class='ocrx_word' id='word_1_307' title='bbox 1183 3925 1422 4001; x_wconf 63' lang='lat' dir='ltr'><strong>aenessica</strong></span> <span class='ocrx_word' id='word_1_308' title='bbox 1471 3926 1763 3999; x_wconf 69' lang='lat' dir='ltr'><strong>aeneiiicum</strong></span> <span class='ocrx_word' id='word_1_309' title='bbox 1809 3948 1851 3999; x_wconf 88' lang='lat' dir='ltr'><strong><em>S</em></strong></span> <span class='ocrx_word' id='word_1_310' title='bbox 1909 3951 2148 4001; x_wconf 81' lang='lat' dir='ltr'><strong>aeneieus</strong></span> <span class='ocrx_word' id='word_1_311' title='bbox 2192 3952 2398 4000; x_wconf 82' lang='lat' dir='ltr'><strong>aeneica</strong></span> <span class='ocrx_word' id='word_1_312' title='bbox 2448 3966 2561 3999; x_wconf 90' lang='lat' dir='ltr'><strong>cum</strong></span> <span class='ocrx_word' id='word_1_313' title='bbox 2601 3965 2634 4007; x_wconf 88' lang='grc' dir='ltr'><strong>ς</strong></span> <span class='ocrx_word' id='word_1_314' title='bbox 2774 3950 2808 4000; x_wconf 86' lang='grc'><strong>3</strong></span> <span class='ocrx_word' id='word_1_315' title='bbox 2850 3950 3120 4017; x_wconf 78' lang='lat' dir='ltr'><strong>epitliomis</strong></span> <span class='ocrx_word' id='word_1_316' title='bbox 3165 3949 3207 4000; x_wconf 88' lang='lat' dir='ltr'><strong><em>S</em></strong></span> 
     </span>
    </p>
   </div>
   <div class='ocr_carea' id='block_1_9' title="bbox 617 4032 3204 4264">
    <p class='ocr_par' dir='ltr' id='par_1_9' title="bbox 617 4032 3204 4264">
     <span class='ocr_line' id='line_1_38' title="bbox 617 4032 3199 4125; baseline -0.002 -16"><span class='ocrx_word' id='word_1_317' title='bbox 617 4060 837 4125; x_wconf 83' lang='lat' dir='ltr'><strong>epitonis</strong></span> <span class='ocrx_word' id='word_1_318' title='bbox 871 4058 956 4108; x_wconf 87' lang='lat' dir='ltr'><strong>GG</strong></span> <span class='ocrx_word' id='word_1_319' title='bbox 1104 4032 1342 4106; x_wconf 67' lang='lat' dir='ltr'><strong>aenez&#39;iica</strong></span> <span class='ocrx_word' id='word_1_320' title='bbox 1377 4054 1418 4103; x_wconf 87' lang='lat' dir='ltr'><em>S</em></span> <span class='ocrx_word' id='word_1_321' title='bbox 1453 4054 1654 4102; x_wconf 81' lang='lat' dir='ltr'><strong>aeneica</strong></span> <span class='ocrx_word' id='word_1_322' title='bbox 1688 4069 1720 4109; x_wconf 90' lang='grc' dir='ltr'><strong>ς</strong></span> <span class='ocrx_word' id='word_1_323' title='bbox 1863 4055 1895 4104; x_wconf 75' lang='lat'><strong>4</strong></span> <span class='ocrx_word' id='word_1_324' title='bbox 1935 4054 1982 4102; x_wconf 87' lang='lat' dir='ltr'><strong>iu</strong></span> <span class='ocrx_word' id='word_1_325' title='bbox 2023 4069 2081 4103; x_wconf 85' lang='lat' dir='ltr'><strong>as</strong></span> <span class='ocrx_word' id='word_1_326' title='bbox 2115 4053 2195 4103; x_wconf 91' lang='lat' dir='ltr'><strong>uel</strong></span> <span class='ocrx_word' id='word_1_327' title='bbox 2231 4055 2280 4103; x_wconf 87' lang='lat' dir='ltr'><strong>iu</strong></span> <span class='ocrx_word' id='word_1_328' title='bbox 2314 4070 2370 4103; x_wconf 88' lang='lat' dir='ltr'><strong>es</strong></span> <span class='ocrx_word' id='word_1_329' title='bbox 2407 4055 2694 4104; x_wconf 79' lang='lat' dir='ltr'><strong>desinentia</strong></span> <span class='ocrx_word' id='word_1_330' title='bbox 2733 4057 2774 4102; x_wconf 89' lang='lat' dir='ltr'><strong>si</strong></span> <span class='ocrx_word' id='word_1_331' title='bbox 2822 4053 3016 4104; x_wconf 74' lang='lat' dir='ltr'><strong>faciunt</strong></span> <span class='ocrx_word' id='word_1_332' title='bbox 3063 4056 3111 4103; x_wconf 89' lang='lat' dir='ltr'><strong>in</strong></span> <span class='ocrx_word' id='word_1_333' title='bbox 3152 4070 3199 4104; x_wconf 82' lang='lat' dir='ltr'><strong>ot</strong></span> 
     </span>
     <span class='ocr_line' id='line_1_39' title="bbox 617 4123 3204 4194; baseline -0.003 -15"><span class='ocrx_word' id='word_1_334' title='bbox 617 4130 913 4194; x_wconf 84' lang='lat' dir='ltr'><strong>genetiuum</strong></span> <span class='ocrx_word' id='word_1_335' title='bbox 950 4126 991 4175; x_wconf 82' lang='lat' dir='ltr'><strong><em>S</em></strong></span> <span class='ocrx_word' id='word_1_336' title='bbox 1021 4128 1071 4175; x_wconf 92' lang='lat' dir='ltr'><strong>in</strong></span> <span class='ocrx_word' id='word_1_337' title='bbox 1107 4142 1165 4176; x_wconf 85' lang='lat' dir='ltr'><strong>as</strong></span> <span class='ocrx_word' id='word_1_338' title='bbox 1199 4126 1244 4175; x_wconf 87' lang='lat' dir='ltr'><strong>si</strong></span> <span class='ocrx_word' id='word_1_339' title='bbox 1283 4123 1474 4173; x_wconf 74' lang='lat' dir='ltr'><strong>faciunt</strong></span> <span class='ocrx_word' id='word_1_340' title='bbox 1515 4124 1562 4171; x_wconf 91' lang='lat' dir='ltr'><strong>in</strong></span> <span class='ocrx_word' id='word_1_341' title='bbox 1601 4139 1630 4186; x_wconf 77' lang='lat' dir='ltr'>y</span> <span class='ocrx_word' id='word_1_342' title='bbox 1669 4124 1962 4187; x_wconf 79' lang='lat' dir='ltr'><strong>genetiuum</strong></span> <span class='ocrx_word' id='word_1_343' title='bbox 2000 4125 2042 4172; x_wconf 99' lang='lat' dir='ltr'><em>G</em></span> <span class='ocrx_word' id='word_1_344' title='bbox 2081 4126 2130 4173; x_wconf 89' lang='lat' dir='ltr'><strong>in</strong></span> <span class='ocrx_word' id='word_1_345' title='bbox 2161 4138 2217 4173; x_wconf 76' lang='lat' dir='ltr'><strong>as</strong></span> <span class='ocrx_word' id='word_1_346' title='bbox 2245 4125 2288 4172; x_wconf 88' lang='lat' dir='ltr'><strong>si</strong></span> <span class='ocrx_word' id='word_1_347' title='bbox 2323 4123 2513 4173; x_wconf 78' lang='lat' dir='ltr'><strong>faciunt</strong></span> <span class='ocrx_word' id='word_1_348' title='bbox 2552 4124 2917 4173; x_wconf 83' lang='lat' dir='ltr'><strong>nominatiuum</strong></span> <span class='ocrx_word' id='word_1_349' title='bbox 2969 4134 3018 4173; x_wconf 88' lang='lat' dir='ltr'><strong>et</strong></span> <span class='ocrx_word' id='word_1_350' title='bbox 3054 4125 3104 4172; x_wconf 91' lang='lat' dir='ltr'><strong>in</strong></span> <span class='ocrx_word' id='word_1_351' title='bbox 3143 4139 3204 4173; x_wconf 72' lang='lat' dir='ltr'><strong>ov</strong></span> 
     </span>
     <span class='ocr_line' id='line_1_40' title="bbox 617 4191 3203 4264; baseline -0.003 -16"><span class='ocrx_word' id='word_1_352' title='bbox 617 4200 910 4264; x_wconf 85' lang='lat' dir='ltr'><strong>genetiuum</strong></span> <span class='ocrx_word' id='word_1_353' title='bbox 951 4198 992 4247; x_wconf 83' lang='lat' dir='ltr'><em>G</em></span> <span class='ocrx_word' id='word_1_354' title='bbox 1153 4196 1187 4245; x_wconf 81' lang='grc'><strong>6</strong></span> <span class='ocrx_word' id='word_1_355' title='bbox 1224 4196 1274 4242; x_wconf 91' lang='lat' dir='ltr'><strong>in</strong></span> <span class='ocrx_word' id='word_1_356' title='bbox 1315 4202 1491 4249; x_wconf 82' lang='lat' dir='ltr'><strong>octavo</strong></span> <span class='ocrx_word' id='word_1_357' title='bbox 1529 4192 1806 4258; x_wconf 81' lang='lat' dir='ltr'><strong>Aeneidos]</strong></span> <span class='ocrx_word' id='word_1_358' title='bbox 1847 4209 1891 4243; x_wconf 80' lang='lat' dir='ltr'><strong>v.</strong></span> <span class='ocrx_word' id='word_1_359' title='bbox 1920 4192 2025 4243; x_wconf 69' lang='lat'><strong>648</strong></span> <span class='ocrx_word' id='word_1_360' title='bbox 2185 4193 2219 4243; x_wconf 87' lang='lat'>8</span> <span class='ocrx_word' id='word_1_361' title='bbox 2254 4193 2304 4241; x_wconf 87' lang='lat' dir='ltr'><strong>in</strong></span> <span class='ocrx_word' id='word_1_362' title='bbox 2338 4191 2524 4258; x_wconf 86' lang='lat' dir='ltr'><strong>primo]</strong></span> <span class='ocrx_word' id='word_1_363' title='bbox 2565 4210 2611 4241; x_wconf 83' lang='lat' dir='ltr'><strong>v.</strong></span> <span class='ocrx_word' id='word_1_364' title='bbox 2658 4194 2750 4243; x_wconf 82' lang='lat'><strong>157</strong></span> <span class='ocrx_word' id='word_1_365' title='bbox 2894 4192 2928 4243; x_wconf 85' lang='lat'>9</span> <span class='ocrx_word' id='word_1_366' title='bbox 2965 4193 3203 4241; x_wconf 82' lang='lat' dir='ltr'><strong>aeneides</strong></span> 
     </span>
    </p>
   </div>
   <div class='ocr_carea' id='block_1_10' title="bbox 604 4274 3209 4918">
    <p class='ocr_par' dir='ltr' id='par_1_10' title="bbox 604 4274 3209 4918">
     <span class='ocr_line' id='line_1_41' title="bbox 613 4274 3061 4359; baseline -0.002 -8"><span class='ocrx_word' id='word_1_367' title='bbox 613 4319 753 4353; x_wconf 80' lang='lat' dir='ltr'><strong>corr.</strong></span> <span class='ocrx_word' id='word_1_368' title='bbox 806 4300 1016 4355; x_wconf 82' lang='lat' dir='ltr'><strong>aenides</strong></span> <span class='ocrx_word' id='word_1_369' title='bbox 1055 4302 1098 4350; x_wconf 89' lang='lat' dir='ltr'><em>G</em></span> <span class='ocrx_word' id='word_1_370' title='bbox 1156 4274 1362 4348; x_wconf 67' lang='lat' dir='ltr'><strong>aeiiides</strong></span> <span class='ocrx_word' id='word_1_371' title='bbox 1399 4296 1440 4345; x_wconf 88' lang='lat' dir='ltr'><em>S</em></span> <span class='ocrx_word' id='word_1_372' title='bbox 1476 4296 1715 4345; x_wconf 80' lang='lat' dir='ltr'><strong>aeneides</strong></span> <span class='ocrx_word' id='word_1_373' title='bbox 1749 4296 1829 4347; x_wconf 84' lang='lat' dir='ltr'><strong>C:</strong></span> <span class='ocrx_word' id='word_1_374' title='bbox 1863 4296 1932 4355; x_wconf 84' lang='lat' dir='ltr'><strong>es.</strong></span> <span class='ocrx_word' id='word_1_375' title='bbox 1975 4295 2227 4345; x_wconf 71' lang='lat' dir='ltr'><strong>Prisc-ian.</strong></span> <span class='ocrx_word' id='word_1_376' title='bbox 2266 4310 2320 4356; x_wconf 83' lang='lat' dir='ltr'><strong>p.</strong></span> <span class='ocrx_word' id='word_1_377' title='bbox 2362 4294 2464 4345; x_wconf 82' lang='lat'><strong>583</strong></span> <span class='ocrx_word' id='word_1_378' title='bbox 2605 4295 2656 4344; x_wconf 88' lang='lat' dir='ltr'><strong>in</strong></span> <span class='ocrx_word' id='word_1_379' title='bbox 2691 4293 2845 4359; x_wconf 89' lang='lat' dir='ltr'><strong>nono]</strong></span> <span class='ocrx_word' id='word_1_380' title='bbox 2885 4311 2931 4346; x_wconf 80' lang='lat' dir='ltr'><strong>v.</strong></span> <span class='ocrx_word' id='word_1_381' title='bbox 2959 4294 3061 4346; x_wconf 76' lang='lat'><strong>653</strong></span> 
     </span>
     <span class='ocr_line' id='line_1_42' title="bbox 619 4364 3203 4433; baseline -0.003 -12"><span class='ocrx_word' id='word_1_382' title='bbox 619 4373 682 4421; x_wconf 83' lang='lat'><strong>10</strong></span> <span class='ocrx_word' id='word_1_383' title='bbox 717 4373 783 4421; x_wconf 81' lang='lat' dir='ltr'><strong>sit</strong></span> <span class='ocrx_word' id='word_1_384' title='bbox 826 4371 952 4420; x_wconf 81' lang='lat' dir='ltr'><strong>satis</strong></span> <span class='ocrx_word' id='word_1_385' title='bbox 985 4370 1168 4419; x_wconf 80' lang='lat' dir='ltr'><strong>aenide</strong></span> <span class='ocrx_word' id='word_1_386' title='bbox 1196 4370 1240 4419; x_wconf 81' lang='lat'><em>0</em></span> <span class='ocrx_word' id='word_1_387' title='bbox 1273 4368 1339 4416; x_wconf 85' lang='lat' dir='ltr'><strong>sit</strong></span> <span class='ocrx_word' id='word_1_388' title='bbox 1376 4368 1501 4415; x_wconf 81' lang='lat' dir='ltr'><strong>satis</strong></span> <span class='ocrx_word' id='word_1_389' title='bbox 1537 4366 1751 4433; x_wconf 63' lang='lat' dir='ltr'><strong>aeneide</strong></span> <span class='ocrx_word' id='word_1_390' title='bbox 1792 4366 1836 4415; x_wconf 90' lang='lat' dir='ltr'><em>G</em></span> <span class='ocrx_word' id='word_1_391' title='bbox 1872 4365 1947 4414; x_wconf 88' lang='lat' dir='ltr'><strong>sic</strong></span> <span class='ocrx_word' id='word_1_392' title='bbox 1974 4366 2107 4414; x_wconf 82' lang='lat' dir='ltr'><strong>uatis</strong></span> <span class='ocrx_word' id='word_1_393' title='bbox 2146 4365 2328 4415; x_wconf 82' lang='lat' dir='ltr'><strong>nenide</strong></span> <span class='ocrx_word' id='word_1_394' title='bbox 2366 4369 2501 4423; x_wconf 79' lang='lat' dir='ltr'><strong>(rell.</strong></span> <span class='ocrx_word' id='word_1_395' title='bbox 2536 4364 2662 4425; x_wconf 79' lang='lat' dir='ltr'><strong>om.)</strong></span> <span class='ocrx_word' id='word_1_396' title='bbox 2698 4364 2740 4413; x_wconf 88' lang='lat' dir='ltr'><strong><em>S</em></strong></span> <span class='ocrx_word' id='word_1_397' title='bbox 2849 4364 2905 4413; x_wconf 93' lang='grc'><strong>11</strong></span> <span class='ocrx_word' id='word_1_398' title='bbox 2945 4365 3203 4429; x_wconf 87' lang='lat' dir='ltr'><strong>oppetisse</strong></span> 
     </span>
     <span class='ocr_line' id='line_1_43' title="bbox 616 4432 3208 4505; baseline -0.005 -11"><span class='ocrx_word' id='word_1_399' title='bbox 616 4446 659 4494; x_wconf 86' lang='lat' dir='ltr'><em>G</em></span> <span class='ocrx_word' id='word_1_400' title='bbox 803 4441 867 4491; x_wconf 82' lang='lat'><strong>13</strong></span> <span class='ocrx_word' id='word_1_401' title='bbox 904 4455 995 4505; x_wconf 90' lang='lat' dir='ltr'><strong>per</strong></span> <span class='ocrx_word' id='word_1_402' title='bbox 1038 4438 1288 4490; x_wconf 86' lang='lat' dir='ltr'><strong>sineresiu</strong></span> <span class='ocrx_word' id='word_1_403' title='bbox 1336 4436 1487 4486; x_wconf 62' lang='lat' dir='ltr'><strong>enidff</strong></span> <span class='ocrx_word' id='word_1_404' title='bbox 1524 4435 1567 4484; x_wconf 88' lang='lat' dir='ltr'><em>G</em></span> <span class='ocrx_word' id='word_1_405' title='bbox 1618 4451 1709 4501; x_wconf 89' lang='lat' dir='ltr'><strong>per</strong></span> <span class='ocrx_word' id='word_1_406' title='bbox 1748 4434 2066 4499; x_wconf 62' lang='lat' dir='ltr'><strong>sinheraqsiu</strong></span> <span class='ocrx_word' id='word_1_407' title='bbox 2106 4433 2346 4483; x_wconf 77' lang='lat' dir='ltr'><strong>aeneides</strong></span> <span class='ocrx_word' id='word_1_408' title='bbox 2388 4435 2428 4482; x_wconf 88' lang='lat' dir='ltr'><em>C</em></span> <span class='ocrx_word' id='word_1_409' title='bbox 2480 4449 2569 4498; x_wconf 88' lang='lat' dir='ltr'><strong>per</strong></span> <span class='ocrx_word' id='word_1_410' title='bbox 2607 4432 2913 4498; x_wconf 69' lang='lat' dir='ltr'><strong>synnlipplui</strong></span> <span class='ocrx_word' id='word_1_411' title='bbox 2952 4434 3130 4482; x_wconf 78' lang='lat' dir='ltr'><strong>neiiide</strong></span> <span class='ocrx_word' id='word_1_412' title='bbox 3167 4432 3208 4481; x_wconf 92' lang='lat' dir='ltr'><strong><em>S</em></strong></span> 
     </span>
     <span class='ocr_line' id='line_1_44' title="bbox 759 4502 3203 4574; baseline -0.005 -12"><span class='ocrx_word' id='word_1_413' title='bbox 759 4513 819 4562; x_wconf 66' lang='lat'><strong>1⁴</strong></span> <span class='ocrx_word' id='word_1_414' title='bbox 858 4510 986 4558; x_wconf 88' lang='lat' dir='ltr'><strong>sicut</strong></span> <span class='ocrx_word' id='word_1_415' title='bbox 1025 4524 1116 4574; x_wconf 87' lang='lat' dir='ltr'><strong>pro</strong></span> <span class='ocrx_word' id='word_1_416' title='bbox 1154 4506 1378 4573; x_wconf 89' lang='lat' dir='ltr'><strong>peleides</strong></span> <span class='ocrx_word' id='word_1_417' title='bbox 1418 4506 1614 4571; x_wconf 87' lang='lat' dir='ltr'><strong>pelides</strong></span> <span class='ocrx_word' id='word_1_418' title='bbox 1653 4504 1696 4553; x_wconf 90' lang='lat' dir='ltr'><strong><em>S</em></strong></span> <span class='ocrx_word' id='word_1_419' title='bbox 1729 4506 1859 4555; x_wconf 85' lang='lat' dir='ltr'><strong>sicut</strong></span> <span class='ocrx_word' id='word_1_420' title='bbox 1900 4505 2094 4570; x_wconf 86' lang='lat' dir='ltr'><strong>pelides</strong></span> <span class='ocrx_word' id='word_1_421' title='bbox 2126 4503 2310 4568; x_wconf 89' lang='lat' dir='ltr'><strong>pelidis</strong></span> <span class='ocrx_word' id='word_1_422' title='bbox 2351 4504 2394 4553; x_wconf 89' lang='lat' dir='ltr'><em>G</em></span> <span class='ocrx_word' id='word_1_423' title='bbox 2445 4504 2573 4551; x_wconf 85' lang='lat' dir='ltr'><strong>sicut</strong></span> <span class='ocrx_word' id='word_1_424' title='bbox 2609 4503 2807 4568; x_wconf 86' lang='lat' dir='ltr'><strong>pelides</strong></span> <span class='ocrx_word' id='word_1_425' title='bbox 2834 4502 2877 4550; x_wconf 81' lang='lat'><em>0</em></span> <span class='ocrx_word' id='word_1_426' title='bbox 3044 4503 3105 4553; x_wconf 79' lang='lat'><strong>15</strong></span> <span class='ocrx_word' id='word_1_427' title='bbox 3141 4503 3203 4551; x_wconf 80' lang='lat' dir='ltr'><strong>ab</strong></span> 
     </span>
     <span class='ocr_line' id='line_1_45' title="bbox 613 4570 3202 4634; baseline -0.004 -4"><span class='ocrx_word' id='word_1_428' title='bbox 613 4579 839 4630; x_wconf 63' lang='lat' dir='ltr'><strong>tenende</strong></span> <span class='ocrx_word' id='word_1_429' title='bbox 865 4592 1050 4627; x_wconf 82' lang='lat' dir='ltr'><strong>aeneas</strong></span> <span class='ocrx_word' id='word_1_430' title='bbox 1077 4580 1118 4628; x_wconf 84' lang='lat' dir='ltr'><strong><em>S</em></strong></span> <span class='ocrx_word' id='word_1_431' title='bbox 1143 4578 1204 4625; x_wconf 83' lang='lat' dir='ltr'><strong>ab</strong></span> <span class='ocrx_word' id='word_1_432' title='bbox 1240 4589 1396 4623; x_wconf 78' lang='lat' dir='ltr'><strong>aenea</strong></span> <span class='ocrx_word' id='word_1_433' title='bbox 1433 4590 1619 4624; x_wconf 84' lang='lat' dir='ltr'><strong>aeneas</strong></span> <span class='ocrx_word' id='word_1_434' title='bbox 1644 4576 1686 4623; x_wconf 79' lang='lat'><em>0</em></span> <span class='ocrx_word' id='word_1_435' title='bbox 1715 4575 1778 4623; x_wconf 78' lang='lat' dir='ltr'><strong>ab</strong></span> <span class='ocrx_word' id='word_1_436' title='bbox 1818 4587 2004 4623; x_wconf 76' lang='lat' dir='ltr'><strong>aeneas</strong></span> <span class='ocrx_word' id='word_1_437' title='bbox 2037 4572 2289 4622; x_wconf 78' lang='lat' dir='ltr'><strong>aeneades</strong></span> <span class='ocrx_word' id='word_1_438' title='bbox 2320 4573 2363 4621; x_wconf 88' lang='lat' dir='ltr'><em>G</em></span> <span class='ocrx_word' id='word_1_439' title='bbox 2391 4587 2403 4621; x_wconf 92' lang='lat'>:</span> <span class='ocrx_word' id='word_1_440' title='bbox 2432 4573 2501 4632; x_wconf 77' lang='lat' dir='ltr'><strong>cs.</strong></span> <span class='ocrx_word' id='word_1_441' title='bbox 2543 4572 2797 4622; x_wconf 62' lang='lat' dir='ltr'><strong>Priscian.</strong></span> <span class='ocrx_word' id='word_1_442' title='bbox 2833 4586 2888 4634; x_wconf 84' lang='lat' dir='ltr'><strong>p.</strong></span> <span class='ocrx_word' id='word_1_443' title='bbox 2928 4570 3031 4622; x_wconf 80' lang='lat'><strong>584</strong></span> <span class='ocrx_word' id='word_1_444' title='bbox 3139 4572 3202 4621; x_wconf 82' lang='grc'>21</span> 
     </span>
     <span class='ocr_line' id='line_1_46' title="bbox 614 4640 3209 4712; baseline -0.003 -14"><span class='ocrx_word' id='word_1_445' title='bbox 614 4649 820 4712; x_wconf 76' lang='lat' dir='ltr'><strong>quidam</strong></span> <span class='ocrx_word' id='word_1_446' title='bbox 859 4649 992 4696; x_wconf 87' lang='lat' dir='ltr'><strong>enim</strong></span> <span class='ocrx_word' id='word_1_447' title='bbox 1027 4646 1077 4695; x_wconf 91' lang='lat' dir='ltr'><strong>id</strong></span> <span class='ocrx_word' id='word_1_448' title='bbox 1109 4645 1355 4696; x_wconf 75' lang='lat' dir='ltr'><strong>Krehli&#39;us</strong></span> <span class='ocrx_word' id='word_1_449' title='bbox 1395 4660 1425 4693; x_wconf 85' lang='lat' dir='ltr'><strong>e</strong></span> <span class='ocrx_word' id='word_1_450' title='bbox 1460 4645 1635 4694; x_wconf 79' lang='lat' dir='ltr'><strong>codiee</strong></span> <span class='ocrx_word' id='word_1_451' title='bbox 1673 4644 1978 4694; x_wconf 73' lang='lat' dir='ltr'><strong>Monacensi</strong></span> <span class='ocrx_word' id='word_1_452' title='bbox 2011 4641 2216 4706; x_wconf 80' lang='lat' dir='ltr'><strong>quidam</strong></span> <span class='ocrx_word' id='word_1_453' title='bbox 2261 4651 2430 4691; x_wconf 79' lang='lat' dir='ltr'><strong>autem</strong></span> <span class='ocrx_word' id='word_1_454' title='bbox 2467 4640 2508 4689; x_wconf 88' lang='lat' dir='ltr'><strong><em>S</em></strong></span> <span class='ocrx_word' id='word_1_455' title='bbox 2543 4642 2663 4704; x_wconf 83' lang='lat' dir='ltr'><strong>quid</strong></span> <span class='ocrx_word' id='word_1_456' title='bbox 2701 4651 2870 4691; x_wconf 80' lang='lat' dir='ltr'><strong>autem</strong></span> <span class='ocrx_word' id='word_1_457' title='bbox 2900 4641 2943 4691; x_wconf 88' lang='lat' dir='ltr'><em>C</em></span> <span class='ocrx_word' id='word_1_458' title='bbox 2976 4641 3130 4704; x_wconf 61' lang='lat' dir='ltr'><strong>quida</strong></span> <span class='ocrx_word' id='word_1_459' title='bbox 3164 4641 3209 4690; x_wconf 89' lang='lat' dir='ltr'><em>G</em></span> 
     </span>
     <span class='ocr_line' id='line_1_47' title="bbox 750 4709 3209 4780; baseline -0.003 -14"><span class='ocrx_word' id='word_1_460' title='bbox 750 4716 818 4766; x_wconf 77' lang='lat'><strong>23</strong></span> <span class='ocrx_word' id='word_1_461' title='bbox 845 4731 975 4779; x_wconf 80' lang='lat' dir='ltr'><strong>quae</strong></span> <span class='ocrx_word' id='word_1_462' title='bbox 1010 4716 1150 4780; x_wconf 83' lang='lat' dir='ltr'><strong>greci</strong></span> <span class='ocrx_word' id='word_1_463' title='bbox 1189 4729 1349 4764; x_wconf 61' lang='lat' dir='ltr'><strong>cerac</strong></span> <span class='ocrx_word' id='word_1_464' title='bbox 1386 4715 1551 4775; x_wconf 73' lang='lat' dir='ltr'><strong>(ceras</strong></span> <span class='ocrx_word' id='word_1_465' title='bbox 1589 4715 1661 4772; x_wconf 85' lang='lat' dir='ltr'><strong>G)</strong></span> <span class='ocrx_word' id='word_1_466' title='bbox 1701 4723 1885 4764; x_wconf 79' lang='lat' dir='ltr'><strong>uocant</strong></span> <span class='ocrx_word' id='word_1_467' title='bbox 1924 4713 2026 4773; x_wconf 87' lang='lat' dir='ltr'><strong>CG,</strong></span> <span class='ocrx_word' id='word_1_468' title='bbox 2066 4727 2159 4765; x_wconf 79' lang='lat' dir='ltr'><strong>om.</strong></span> <span class='ocrx_word' id='word_1_469' title='bbox 2202 4711 2245 4761; x_wconf 88' lang='lat' dir='ltr'><strong><em>S</em></strong></span> <span class='ocrx_word' id='word_1_470' title='bbox 2279 4727 2408 4774; x_wconf 79' lang='lat' dir='ltr'><strong>quae</strong></span> <span class='ocrx_word' id='word_1_471' title='bbox 2444 4709 2711 4774; x_wconf 73' lang='grc' dir='ltr'><strong><em>συλλογον</em></strong></span> <span class='ocrx_word' id='word_1_472' title='bbox 2746 4720 2930 4760; x_wconf 81' lang='lat' dir='ltr'><strong>uocant</strong></span> <span class='ocrx_word' id='word_1_473' title='bbox 2968 4711 3137 4776; x_wconf 81' lang='lat' dir='ltr'><strong>graeci</strong></span> <span class='ocrx_word' id='word_1_474' title='bbox 3174 4723 3209 4766; x_wconf 87' lang='grc' dir='ltr'><strong><em>ς</em></strong></span> 
     </span>
     <span class='ocr_line' id='line_1_48' title="bbox 612 4777 3205 4848; baseline -0.003 -14"><span class='ocrx_word' id='word_1_475' title='bbox 612 4800 742 4848; x_wconf 82' lang='lat' dir='ltr'><strong>quae</strong></span> <span class='ocrx_word' id='word_1_476' title='bbox 791 4785 1100 4848; x_wconf 78' lang='grc' dir='ltr'><strong><em>συμμορίας</em></strong></span> <span class='ocrx_word' id='word_1_477' title='bbox 1138 4784 1314 4833; x_wconf 78' lang='lat' dir='ltr'><strong>Graeci</strong></span> <span class='ocrx_word' id='word_1_478' title='bbox 1353 4793 1536 4833; x_wconf 81' lang='lat' dir='ltr'><strong>uocant</strong></span> <span class='ocrx_word' id='word_1_479' title='bbox 1577 4782 1701 4835; x_wconf 77' lang='lat' dir='ltr'><strong>Ata.</strong></span> <span class='ocrx_word' id='word_1_480' title='bbox 1850 4783 1918 4833; x_wconf 82' lang='lat'><strong>25</strong></span> <span class='ocrx_word' id='word_1_481' title='bbox 1962 4782 2177 4831; x_wconf 77' lang='lat' dir='ltr'><strong>classica</strong></span> <span class='ocrx_word' id='word_1_482' title='bbox 2224 4781 2351 4832; x_wconf 88' lang='lat' dir='ltr'><strong>CGS</strong></span> <span class='ocrx_word' id='word_1_483' title='bbox 2488 4781 2553 4829; x_wconf 82' lang='lat'><strong>27</strong></span> <span class='ocrx_word' id='word_1_484' title='bbox 2602 4781 2881 4830; x_wconf 89' lang='lat' dir='ltr'><strong>secundum</strong></span> <span class='ocrx_word' id='word_1_485' title='bbox 2930 4777 3205 4844; x_wconf 84' lang='lat' dir='ltr'><strong>Donatum]</strong></span> 
     </span>
     <span class='ocr_line' id='line_1_49' title="bbox 604 4850 2083 4918; baseline -0.001 -17"><span class='ocrx_word' id='word_1_486' title='bbox 604 4868 662 4916; x_wconf 81' lang='lat' dir='ltr'><strong>p.</strong></span> <span class='ocrx_word' id='word_1_487' title='bbox 707 4853 840 4902; x_wconf 75' lang='lat'>1754</span> <span class='ocrx_word' id='word_1_488' title='bbox 980 4854 1050 4903; x_wconf 83' lang='lat'><strong>28</strong></span> <span class='ocrx_word' id='word_1_489' title='bbox 1085 4851 1365 4903; x_wconf 87' lang='lat' dir='ltr'><strong>secundum</strong></span> <span class='ocrx_word' id='word_1_490' title='bbox 1409 4851 1559 4918; x_wconf 78' lang='lat' dir='ltr'><strong>alios]</strong></span> <span class='ocrx_word' id='word_1_491' title='bbox 1603 4850 1857 4904; x_wconf 67' lang='lat' dir='ltr'><strong>Priscian.</strong></span> <span class='ocrx_word' id='word_1_492' title='bbox 1884 4866 1943 4915; x_wconf 85' lang='lat' dir='ltr'><strong>p.</strong></span> <span class='ocrx_word' id='word_1_493' title='bbox 1985 4850 2083 4901; x_wconf 88' lang='grc'>781</span> 
     </span>
    </p>
   </div>
  </div>
 </body>
</html>
