3576 5595
540 392 666 456 202
732 414 733 417 ¹
1530 393 1903 460 PRISCIANI
1940 395 2130 460 INST.

644 524 690 566 p.
727 511 989 555 111⁰.11P.
2711 527 2753 569 ρ.
2781 514 2844 558 99.
2875 516 2949 558 ιοο
2977 516 3029 558 κ.

542 584 822 648 orationis
872 583 1209 664 frequenter
1261 582 1588 646 invenimus
1654 583 2060 646 huiuscemodi
2127 586 2376 664 figuras:
2449 594 2507 646 et
2574 604 2749 647 casus
2813 607 2921 669 pro
2982 591 3134 651 casi-

540 686 684 761 bus,
730 693 825 748 ut:

847 789 1215 867 Corniger
1260 788 1767 869 Hesperidum
1815 790 2106 852 fluvius
2150 799 2516 869 regnator
2558 810 2922 870 aquarum

540 890 941 971 Virgiliius
985 893 1046 953 in
1092 891 1250 954 VIII
1294 892 1582 953 fluvius
1625 910 1732 971 pro
1775 892 1997 954 ‘ssuvie'
2038 903 2122 954 et:

842 993 945 1055 Tu
987 993 1162 1054 mihi
1209 993 1739 1072 quodcumque
1782 994 1922 1057 hoc
1963 996 2212 1075 regni,
2259 1003 2331 1056 tu
2379 984 2687 1076 sceptra
2733 996 3182 1076 Iovemques
3245 1006 3257 1017 ·

845 1095 1271 1169 ConciliaS,

542 1218 618 1260 re
638 1198 761 1277 gni
808 1217 915 1279 pro
961 1200 1278 1277 ‘regnum'.
1359 1198 1431 1258 de
1476 1197 1690 1277 quibus
1727 1199 2091 1260 sufficienter
2131 1199 2191 1260 in
2230 1200 2633 1281 superioribus
2679 1201 2947 1263 diximus.

370 1309 555 1365 xxv1
593 1309 692 1361 190
863 1300 948 1361 De
994 1303 1129 1361 ‘tu’
1177 1317 1411 1379 quoque
1455 1299 1691 1377 quidam
1737 1299 2174 1377 dubitaverunt,
2239 1303 2627 1365 nominativus
2670 1304 2745 1364 sit
2790 1312 3011 1365 tantum
3057 1324 3130 1366 an

535 1405 867 1467 vocativus:
912 1403 1015 1463 sed
1061 1411 1309 1480 uterque
1345 1402 1405 1463 iu
1452 1421 1521 1463 eo
1569 1421 1699 1463 esse
1743 1403 2104 1478 ostenditur,
2152 1404 2449 1482 quomodo
2494 1414 2552 1466 et
2582 1406 2638 1466 in
2684 1406 2959 1467 omnibus
3006 1408 3126 1467 fere

536 1507 758 1568 Latinis
802 1505 1137 1567 nominihus
1175 1504 1236 1565 in
1282 1524 1349 1566 us
1396 1503 1842 1567 terminantibus
1887 1506 2181 1567 secundae
2217 1506 2643 1568 declinationis.
2735 1515 2793 1567 et
2828 1509 3121 1585 quondam
3154 1527 3202 1565 ιο

534 1609 863 1690 Trypho,
917 1606 1073 1686 quod
1118 1605 1568 1686 Apollonius
1626 1607 1849 1684 arguit,
1910 1608 2234 1669 vocativum
2285 1627 2418 1668 eum
2460 1608 2648 1669 solum
2707 1609 2964 1690 putavit,
3023 1610 3118 1669 de·

534 1720 742 1791 ceptus
778 1730 810 1771 a
854 1708 1158 1771 nominum
1211 1708 1518 1781 vocativis,
1578 1708 1677 1786 qui
1735 1709 2172 1788 coniunguntur
2230 1711 2525 1772 secundae
2579 1729 2870 1791 personae
2920 1711 3124 1772 verbo-

530 1832 695 1887 rum,
754 1811 909 1890 quod
966 1810 1213 1872 dicimus
1269 1812 1370 1872 ‘tu
1415 1809 1598 1889 legis’
1641 1819 1701 1871 et
1739 1811 2062 1891 ‘discipule
2115 1811 2334 1890 legis',
2389 1813 2491 1873 sed
2553 1820 2784 1873 etcum
2840 1813 3025 1893 prima
3067 1821 3126 1874 et

534 1914 700 1975 tertia
752 1913 909 1974 verbi
959 1931 1210 1994 persona
1270 1913 1644 1991 coniungitur
1695 1911 1848 1973 hene
1905 1914 2239 1988 vocativus,
2308 1915 2406 1993 qui
2462 1932 2606 1975 suus
2661 1921 2752 1974 est
2808 1914 3121 1988 secundae,

533 2035 644 2078 nec
687 2024 879 2077 tamen
927 2015 1059 2076 ideo
1103 2014 1381 2088 dicimuS,
1438 2014 1686 2094 primam
1744 2015 1832 2075 vel
1886 2016 2113 2076 tertiam
2159 2016 2451 2076 vocativos
2496 2015 2712 2076 hahere
2752 2034 2863 2076 nee
2909 2034 3120 2077 secun·
3150 2035 3199 2074 15

532 2119 642 2180 dae
680 2117 1005 2178 vocativum
1051 2135 1169 2177 non
1206 2134 1371 2191 esse,
1419 2124 1481 2177 ut
1537 2116 1705 2194 ‘lego
1751 2117 2070 2197 discipule'
2119 2126 2177 2178 et
2222 2119 2403 2197 ‘legit
2446 2118 2786 2198 discipule’.
2877 2136 3123 2178 necesse

537 2229 627 2282 est
679 2220 811 2282 illos
866 2218 1115 2280 maxime
1162 2237 1334 2281 casus
1377 2219 1634 2279 habeant
1661 2214 1689 2302 Η
1721 2219 2100 2299 pronomina,
2169 2220 2381 2298 quibus
2439 2220 2717 2281 deficiunt
2762 2220 2819 2279 in
2874 2228 3121 2299 utraque

406 2341 497 2393 191
536 2342 789 2404 persona
825 2322 1095 2394 nomina,
1155 2328 1213 2380 et
1271 2321 1517 2382 maxime
1578 2320 2017 2382 nominativum.
2110 2322 2365 2382 vocativo
2413 2321 2565 2381 enim
2611 2321 2958 2402 pronomina
3004 2342 3122 2382 non

535 2433 739 2503 egent,
798 2424 895 2501 qui
940 2442 1051 2484 nec
1085 2422 1641 2484 demonstrationem
1687 2440 1798 2483 nec
1850 2423 2227 2497 relationem,
2279 2423 2491 2501 quihus
2539 2424 2863 2502 funguntur
2906 2442 3124 2503 prono·

535 2526 723 2599 mina,
778 2525 1069 2606 possidet,
1129 2524 1233 2585 sed
1288 2524 1469 2586 solam
1532 2521 2027 2603 converfsioncm,
2088 2524 2143 2586 id
2203 2533 2292 2585 est
2351 2513 2773 2603 ἀποστροφήν,
2841 2525 2944 2585 sed
3007 2525 3120 2587 hoc
3149 2542 3200 2583 20

532 2627 693 2706 ipso,
739 2626 873 2705 quia
920 2625 1006 2685 vel
1053 2634 1199 2687 nutu
1245 2626 1333 2686 vel
1378 2626 1536 2687 vocis
1582 2627 1905 2687 directione
1949 2646 2066 2688 non
2113 2626 2302 2688 solum
2350 2627 2422 2687 ad
2468 2646 2600 2699 eoS,
2646 2645 2795 2705 quos
2837 2627 3120 2702 videmus,

534 2729 638 2790 sed
688 2728 861 2788 etiam
905 2728 977 2788 ad
1037 2727 1201 2800 illos,
1259 2728 1331 2788 ad
1390 2747 1538 2808 quos
1590 2748 1698 2789 vox
1752 2737 1954 2790 nostra
2007 2735 2202 2810 potest
2244 2729 2548 2810 pervenire
2590 2728 2761 2789 etiam
2823 2730 3120 2804 absenteS,

532 2850 740 2892 vocare
801 2829 1060 2892 solemus
1119 2832 1206 2891 vel
1271 2831 1609 2908 ignorantes
1675 2833 1910 2912 propria
1981 2851 2182 2893 eorum
2246 2833 2481 2893 nomina
2546 2832 2634 2892 vel
2703 2833 2952 2894 confuse
3005 2833 3121 2893 hoc

532 2941 764 2994 utentes
811 2932 982 2993 etiam
1031 2933 1103 2993 ad
1148 2933 1397 3008 multoS,
1460 2940 1522 2994 ut
1571 2952 1724 2994 unus
1775 2953 1846 2993 ex
1899 2935 1984 2995 eis
2037 2935 2424 3013 respondeat,
2485 2943 2548 2995 ut
2605 2935 2677 2994 ad
2733 2953 2936 2996 servos
2981 2937 3118 2996 ‘tu'
3170 2888 3184 2990 I

531 3034 797 3096 dicimus.
3146 3047 3196 3090 τ,

400 3155 496 3209 192
703 3136 851 3199 lllud
898 3154 1130 3215 quoque
1174 3137 1508 3212 sciendum,
1568 3137 1721 3217 quod
1781 3155 1951 3198 suum
2006 3149 2097 3197 est
2151 3136 2515 3217 pronominis
2570 3138 2631 3198 in
2691 3139 2878 3218 prima
2923 3145 2980 3199 et
3027 3157 3119 3199 se-

671 3410 694 3459 1
730 3407 1118 3475 huiuscemodi]
1156 3426 1186 3458 r
1220 3408 1570 3463 huiuscemadi
1606 3411 1652 3459 R
1827 3418 1876 3458 et
1921 3407 2104 3474 casus]
2154 3425 2185 3457 r
2225 3425 2280 3458 se
2323 3425 2444 3459 casu
2482 3411 2527 3460 13
2710 3409 2743 3462 3
2778 3410 2937 3473 Vero.
2986 3409 3115 3459 Aen.

533 3478 648 3528 VIII
684 3481 748 3529 77
953 3480 1273 3546 hisperidum
1317 3480 1364 3529 L
1556 3480 1589 3528 4
1628 3486 1808 3528 octauo
1846 3494 1887 3527 π
1924 3480 2016 3528 Vll
2049 3479 2334 3530 RODNSL
2373 3480 2389 3528 l
2425 3481 2523 3542 (ad
2552 3496 2630 3544 sq.
2671 3482 2946 3542 exemplum
2982 3481 3119 3540 refe-

530 3547 677 3611 rens)
716 3549 782 3598 M
919 3564 1010 3614 pro
1050 3550 1236 3613 lluuiae
1273 3549 1340 3598 M
1360 3565 1453 3615 pro
1492 3548 1652 3614 fluuie
1688 3550 1740 3598 N
1887 3550 2046 3614 Ver-9.
2090 3548 2222 3598 Aen.
2266 3550 2281 3598 1
2315 3550 2382 3600 78
2415 3567 2494 3614 sq.
2532 3551 2603 3612 cf.
2632 3552 2665 3612 S
2694 3548 2795 3600 160
2934 3549 2966 3598 5
2997 3565 3117 3611 quo-

530 3634 730 3682 cunque
764 3619 811 3667 L
952 3620 1119 3668 iouem
1147 3619 1316 3685 qqu
1453 3619 1486 3667 8
1519 3633 1583 3667 nn
1617 3634 1677 3667 τν
1700 3619 1853 3667 inser.
1879 3619 1930 3667 N
2064 3626 2182 3681 post
2203 3619 2586 3669 dubitauerunt:
2620 3635 2662 3670 S.
2699 3627 2865 3668 utrum
2900 3633 3064 3680 spscr.
3089 3634 3119 3666 r

670 3703 734 3737 an
775 3695 965 3738 tantum
1006 3690 1270 3739 uocatiuus
1310 3688 1606 3738 MODNSL
1755 3690 1790 3740 9
1822 3686 2070 3752 uterque]
2111 3703 2141 3736 r
2185 3691 2450 3753 uniterque
2488 3689 2534 3738 13
2673 3699 2721 3737 et
2769 3692 2820 3738 in
2864 3688 3118 3738 ominibus

528 3759 575 3808 R
722 3757 786 3808 10
832 3756 1146 3823 nominibus]
1184 3758 1502 3820 casualibus,
1550 3759 1601 3806 in
1636 3773 1728 3822 my.
1772 3757 1851 3807 uel
1903 3758 2193 3809 nominibus
2232 3756 2272 3806 S
2410 3758 2738 3823 dannationis
2768 3757 2810 3806 S
2960 3773 3117 3820 quon-

530 3827 671 3893 dam]
704 3830 896 3892 scripsi
930 3827 1184 3890 quomodo
1210 3830 1258 3877 L
1291 3830 1532 3890 quoniam
1569 3829 1703 3886 rell„
1741 3830 1875 3893 quod
1905 3830 1977 3877 ita
2013 3835 2197 3877 tantum
2234 3830 2499 3890 explicare
2515 3831 2702 3890 possis,
2737 3836 2791 3878 ue
2823 3827 3121 3877 dubitationi

526 3913 689 3961 supra
722 3905 1126 3948 commemoratae
1162 3906 1497 3961 arqmnemum
1534 3898 1720 3947 addat:
1763 3906 1818 3947 αι
1856 3900 1931 3948 sic
1966 3900 2165 3948 ratione
2203 3905 2251 3947 et
2285 3901 2527 3948 relatione
2559 3907 2703 3948 curel
2882 3897 2936 3946 ll
2989 3898 3117 3959 Try-

524 3970 624 4032 pho
658 3968 798 4031 apud
833 3967 1068 4029 Apollon.
1107 3967 1170 4016 de
1206 3975 1338 4032 synt.
1379 3969 1446 4017 111
1485 3967 1517 4016 8
1550 3981 1604 4030 p.
1641 3968 1761 4026 214,
1807 3969 1870 4018 17
1907 3984 2016 4032 sqq.
2061 3967 2160 4018 Bk.
2201 3968 2266 4017 de
2297 3984 2443 4031 pron.
2481 3967 2550 4017 65
2588 3969 2665 4028 A,
2713 3966 2901 4032 Tryplc.
2936 3967 3012 4029 fr.
3052 3967 3118 4017 38

530 4034 685 4103 (περὶ
716 4034 1033 4100 προσώπων
1074 4036 1129 4090 1)
1167 4052 1251 4100 ap.
1301 4039 1585 4088 Velsenium
1626 4038 1816 4102 Tryph.
1840 4033 2046 4101 pratum.
2075 4037 2236 4088 Alex.
2265 4039 2338 4100 [τ’.
2379 4053 2434 4100 p.
2461 4037 2520 4087 31
2551 4054 2629 4102 sq.
2772 4035 2942 4100 tripho
2973 4037 3117 4086 RNL

668 4106 827 4172 quod]
874 4123 1021 4171 quem
1062 4106 1174 4155 MN
1335 4106 1660 4173 appollonius
1695 4107 1790 4156 BL
1957 4109 2125 4171 agruit
2160 4108 2228 4156 M
2393 4123 2506 4164 eum
2548 4108 2831 4156 uocatiuum
2867 4105 2977 4168 (M)

531 4178 582 4241 {u
624 4194 739 4226 eum
776 4177 855 4227 nr
1024 4175 1222 4240 solum]
1272 4192 1386 4239 sup.
1424 4178 1510 4228 lin.
1547 4177 1667 4225 add.
1709 4194 1739 4225 r
1775 4191 1868 4228 om.
1910 4175 2098 4226 RDNS
2143 4183 2198 4226 αι
2240 4193 2285 4227 v.
2323 4178 2558 4239 Apollon.
2602 4182 2638 4230 I.
2675 4178 2712 4228 l.
2748 4179 2832 4225 liu.
2869 4177 2938 4225 22
2975 4171 3117 4241 φησὶ

528 4240 637 4312 γὰρ
671 4236 891 4310 μόνης
932 4237 1076 4294 εἶναι
1113 4244 1395 4312 κλητικῆς,
1586 4246 1774 4308 1‘2post
1812 4247 2066 4295 secundae
2108 4262 2357 4311 personae
2389 4263 2499 4311 sqq.
2541 4275 2610 4283 —
2652 4246 2908 4296 secundae
2943 4263 3117 4311 perso·

530 4331 625 4365 nae
657 4332 710 4380 p.
737 4316 858 4377 203,
882 4317 913 4364 2
948 4332 1038 4367 om.
1082 4316 1125 4365 lt
1159 4317 1208 4364 in
1247 4333 1341 4382 my.
1378 4315 1501 4364 add.
1540 4331 1571 4364 r
1714 4315 1777 4367 13
1816 4313 1985 4380 quod]
2026 4319 2099 4365 sic
2137 4319 2183 4365 Ι)
2222 4332 2336 4365 cum
2366 4331 2532 4379 spscr.
2574 4316 2612 4365 d
2644 4331 2758 4364 cum
2799 4316 2912 4363 ML
3055 4316 3115 4364 14

528 4380 765 4451 'persona
802 4376 959 4435 'uerbi
999 4387 1046 4435 L
1220 4386 1283 4437 15
1314 4382 1545 4449 tertiam]
1578 4387 1856 4435 secundam
1885 4386 1934 4435 L
2110 4387 2169 4436 16
2205 4386 2460 4452 discipule
2497 4387 2545 4436 N
2709 4393 2758 4434 et
2794 4400 2885 4437 om.
2933 4387 2978 4434 L

528 4456 658 4522 legis
695 4457 762 4506 M
935 4456 1192 4522 discipule
1232 4457 1283 4505 N
1451 4456 1513 4504 Et
1550 4471 1757 4505 necesse
1791 4455 1831 4506 0
1874 4467 1923 4505 et
1962 4453 2099 4519 quod
2136 4471 2345 4508 necesse
2383 4457 2471 4507 Dd
2512 4455 2570 4505 Et
2607 4455 2745 4517 quod
2787 4470 2993 4504 necesso
3033 4454 3117 4520 (Et

2764 4536 2835 4577 uel
2867 4549 2938 4576 um

530 4593 665 4656 quod
700 4596 749 4643 in
785 4608 879 4658 my.
921 4593 1070 4657 add.)
1104 4595 1152 4643 L
1320 4595 1382 4644 17
1418 4601 1470 4642 ut
1500 4593 1614 4645 illos
1650 4593 1720 4643 Nl
1883 4593 2241 4658 pronominum
2282 4595 2319 4643 d
2483 4593 2549 4644 18
2581 4594 2893 4660 nominatiuo
2932 4595 2980 4643 L

529 4696 600 4744 ad
635 4710 733 4744 nou
770 4705 920 4756 egent
947 4698 1102 4760 {llos-5.
1143 4712 1188 4748 s.
1228 4698 1431 4746 nomina
1466 4711 1631 4761 epse-r.
1665 4696 1703 4744 d
1862 4696 1926 4747 19
1965 4694 2087 4760 qm]
2128 4697 2247 4757 quia
2283 4697 2373 4747 OD
2530 4697 2599 4748 20
2630 4670 2997 4746 conuersi⁰⁰⁰¹⁰
3033 4695 3122 4743 θα

668 4765 1011 4831 apostrophen
1047 4766 1168 4816 libr-1·
1306 4768 1368 4817 21
1409 4768 1522 4833 ipso
1562 4765 1799 4816 uocatiuo
1831 4767 2053 4815 nominis
2091 4767 2208 4829 quia
2243 4767 2284 4816 S
2436 4769 2554 4828 quia
2590 4776 2712 4817 nutu
2754 4768 2803 4815 D
2952 4765 3117 4814 direc-

528 4835 676 4883 cione
710 4832 752 4880 S
802 4903 812 4913 .
878 4835 978 4952 Sad
1015 4835 1277 4900 utrubique
1310 4853 1422 4901 sup.
1460 4839 1544 4886 lin.
1583 4837 1706 4887 add.
1752 4835 1800 4884 L
1974 4836 2043 4887 23
2081 4835 2296 4903 confuse
2334 4835 2476 4886 DNS
2639 4837 2708 4887 26
2743 4844 2820 4886 est
2856 4834 3116 4901 proprium

530 4916 845 4970 pronominis
