<?xml version="1.0" encoding="UTF-8"?>
<!DOCTYPE html PUBLIC "-//W3C//DTD XHTML 1.0 Transitional//EN"
    "http://www.w3.org/TR/xhtml1/DTD/xhtml1-transitional.dtd">
<html xmlns="http://www.w3.org/1999/xhtml" xml:lang="en" lang="en">
 <head>
  <title>
</title>
<meta http-equiv="Content-Type" content="text/html;charset=utf-8" />
  <meta name='ocr-system' content='tesseract 3.04.00' />
  <meta name='ocr-capabilities' content='ocr_page ocr_carea ocr_par ocr_line ocrx_word'/>
</head>
<body>
  <div class='ocr_page' id='page_1' title='image "./grammaticilatin06hagagoog_0124.png"; bbox 0 0 3576 5595; ppageno 0'>
   <div class='ocr_carea' id='block_1_1' title="bbox 1653 186 1706 281">
    <p class='ocr_par' dir='ltr' id='par_1_1' title="bbox 1653 186 1706 281">
     <span class='ocr_line' id='line_1_1' title="bbox 1653 186 1706 281; textangle 90"><span class='ocrx_word' id='word_1_1' title='bbox 1653 186 1706 281; x_wconf 62' lang='lat'>·’</span> 
     </span>
    </p>
   </div>
   <div class='ocr_carea' id='block_1_2' title="bbox 1136 1073 2753 1170">
    <p class='ocr_par' dir='ltr' id='par_1_2' title="bbox 1136 1073 2753 1170">
     <span class='ocr_line' id='line_1_2' title="bbox 1136 1073 2753 1170; baseline -0.001 -2"><span class='ocrx_word' id='word_1_2' title='bbox 1136 1074 1488 1169; x_wconf 76' lang='lat' dir='ltr'><strong>LIBER</strong></span> <span class='ocrx_word' id='word_1_3' title='bbox 1563 1073 2140 1169; x_wconf 80' lang='lat' dir='ltr'>SEP&#39;rtMvs</span> <span class='ocrx_word' id='word_1_4' title='bbox 2225 1073 2753 1170; x_wconf 76' lang='lat' dir='ltr'>DECIMVS.</span> 
     </span>
    </p>
   </div>
   <div class='ocr_carea' id='block_1_3' title="bbox 641 1546 3256 1723">
    <p class='ocr_par' dir='ltr' id='par_1_3' title="bbox 641 1546 3256 1723">
     <span class='ocr_line' id='line_1_3' title="bbox 784 1546 3256 1635; baseline 0 -15"><span class='ocrx_word' id='word_1_5' title='bbox 784 1571 967 1635; x_wconf 89' lang='lat' dir='ltr'>lncipit</span> <span class='ocrx_word' id='word_1_6' title='bbox 1003 1569 1142 1619; x_wconf 77' lang='lat' dir='ltr'>XVII</span> <span class='ocrx_word' id='word_1_7' title='bbox 1185 1569 1332 1619; x_wconf 79' lang='lat' dir='ltr'>Liber</span> <span class='ocrx_word' id='word_1_8' title='bbox 1371 1569 1434 1618; x_wconf 85' lang='lat' dir='ltr'>de</span> <span class='ocrx_word' id='word_1_9' title='bbox 1473 1546 1867 1619; x_wconf 73' lang='lat' dir='ltr'>constructione.</span> <span class='ocrx_word' id='word_1_10' title='bbox 1924 1568 1995 1618; x_wconf 75' lang='lat' dir='ltr'>Fi.</span> <span class='ocrx_word' id='word_1_11' title='bbox 2035 1568 2313 1620; x_wconf 86' lang='lat' dir='ltr'>theodorus</span> <span class='ocrx_word' id='word_1_12' title='bbox 2349 1572 2399 1621; x_wconf 84' lang='grc' dir='ltr'>ῡ.</span> <span class='ocrx_word' id='word_1_13' title='bbox 2442 1562 2491 1622; x_wconf 66' lang='lat' dir='ltr'>(s.</span> <span class='ocrx_word' id='word_1_14' title='bbox 2535 1569 2849 1619; x_wconf 65' lang='lat' dir='ltr'>memorialis</span> <span class='ocrx_word' id='word_1_15' title='bbox 2887 1571 3018 1621; x_wconf 85' lang='lat' dir='ltr'>sacri</span> <span class='ocrx_word' id='word_1_16' title='bbox 3056 1571 3256 1620; x_wconf 88' lang='lat' dir='ltr'>scrinii</span> 
     </span>
     <span class='ocr_line' id='line_1_4' title="bbox 641 1635 3253 1723; baseline 0 -17"><span class='ocrx_word' id='word_1_17' title='bbox 641 1656 972 1723; x_wconf 79' lang='lat' dir='ltr'>epistolarum</span> <span class='ocrx_word' id='word_1_18' title='bbox 1017 1664 1066 1705; x_wconf 90' lang='lat' dir='ltr'>et</span> <span class='ocrx_word' id='word_1_19' title='bbox 1112 1656 1314 1705; x_wconf 90' lang='lat' dir='ltr'>adiutor</span> <span class='ocrx_word' id='word_1_20' title='bbox 1360 1635 1412 1707; x_wconf 69' lang='lat'>1&#39;1.</span> <span class='ocrx_word' id='word_1_21' title='bbox 1447 1635 1514 1708; x_wconf 69' lang='lat' dir='ltr'>di.</span> <span class='ocrx_word' id='word_1_22' title='bbox 1572 1656 1823 1718; x_wconf 84' lang='lat' dir='ltr'>questoris</span> <span class='ocrx_word' id='word_1_23' title='bbox 1871 1657 2003 1705; x_wconf 87' lang='lat' dir='ltr'>sacri</span> <span class='ocrx_word' id='word_1_24' title='bbox 2052 1655 2226 1722; x_wconf 86' lang='lat' dir='ltr'>palatii</span> <span class='ocrx_word' id='word_1_25' title='bbox 2275 1658 2458 1723; x_wconf 76' lang='lat' dir='ltr'>scripsi</span> <span class='ocrx_word' id='word_1_26' title='bbox 2498 1671 2645 1705; x_wconf 88' lang='lat' dir='ltr'>mauu</span> <span class='ocrx_word' id='word_1_27' title='bbox 2687 1672 2799 1705; x_wconf 82' lang='lat' dir='ltr'>men</span> <span class='ocrx_word' id='word_1_28' title='bbox 2838 1658 2945 1705; x_wconf 70' lang='lat' dir='ltr'>arti}</span> <span class='ocrx_word' id='word_1_29' title='bbox 2985 1658 3253 1723; x_wconf 75' lang='lat' dir='ltr'>prisciani</span> 
     </span>
    </p>
   </div>
   <div class='ocr_carea' id='block_1_4' title="bbox 643 1754 3248 1833">
    <p class='ocr_par' dir='ltr' id='par_1_4' title="bbox 643 1754 3248 1833">
     <span class='ocr_line' id='line_1_5' title="bbox 643 1754 3248 1833; baseline 0.001 -25"><span class='ocrx_word' id='word_1_30' title='bbox 643 1762 740 1810; x_wconf 90' lang='lat' dir='ltr'>uiri</span> <span class='ocrx_word' id='word_1_31' title='bbox 777 1761 1103 1813; x_wconf 76' lang='lat' dir='ltr'>disertissimi</span> <span class='ocrx_word' id='word_1_32' title='bbox 1142 1759 1407 1825; x_wconf 66' lang='lat' dir='ltr'>gramatici</span> <span class='ocrx_word' id='word_1_33' title='bbox 1444 1758 1668 1809; x_wconf 84' lang='lat' dir='ltr'>doctoris</span> <span class='ocrx_word' id='word_1_34' title='bbox 1707 1760 1903 1833; x_wconf 27' lang='lat' dir='ltr'>meinin</span> <span class='ocrx_word' id='word_1_35' title='bbox 1944 1760 2068 1809; x_wconf 86' lang='lat' dir='ltr'>urhe</span> <span class='ocrx_word' id='word_1_36' title='bbox 2118 1776 2259 1809; x_wconf 83' lang='lat' dir='ltr'>roma</span> <span class='ocrx_word' id='word_1_37' title='bbox 2302 1759 2727 1826; x_wconf 71' lang='lat' dir='ltr'>constantinopoli</span> <span class='ocrx_word' id='word_1_38' title='bbox 2765 1760 2849 1810; x_wconf 91' lang='lat' dir='ltr'>die</span> <span class='ocrx_word' id='word_1_39' title='bbox 2889 1762 2931 1811; x_wconf 93' lang='lat' dir='ltr'>V</span> <span class='ocrx_word' id='word_1_40' title='bbox 2966 1761 3039 1809; x_wconf 83' lang='lat' dir='ltr'>kr.</span> <span class='ocrx_word' id='word_1_41' title='bbox 3080 1754 3248 1812; x_wconf 74' lang='lat' dir='ltr'>mar&#39;t&#39;.</span> 
     </span>
    </p>
   </div>
   <div class='ocr_carea' id='block_1_5' title="bbox 639 1844 3248 2107">
    <p class='ocr_par' dir='ltr' id='par_1_5' title="bbox 639 1844 3248 2107">
     <span class='ocr_line' id='line_1_6' title="bbox 643 1844 3248 1912; baseline 0.001 -15"><span class='ocrx_word' id='word_1_42' title='bbox 643 1847 889 1899; x_wconf 80' lang='lat' dir='ltr'>mauortio</span> <span class='ocrx_word' id='word_1_43' title='bbox 926 1848 979 1900; x_wconf 81' lang='grc' dir='ltr'>ῡ.</span> <span class='ocrx_word' id='word_1_44' title='bbox 1015 1846 1176 1897; x_wconf 53' lang='lat' dir='ltr'>&amp;sule</span> <span class='ocrx_word' id='word_1_45' title='bbox 1208 1862 1268 1896; x_wconf 86' lang='lat' dir='ltr'>ac</span> <span class='ocrx_word' id='word_1_46' title='bbox 1299 1846 1503 1912; x_wconf 87' lang='lat' dir='ltr'>patritio</span> <span class='ocrx_word' id='word_1_47' title='bbox 1542 1855 1597 1895; x_wconf 87' lang='lat' dir='ltr'>ut</span> <span class='ocrx_word' id='word_1_48' title='bbox 1635 1844 1717 1896; x_wconf 87' lang='lat' dir='ltr'>nel</span> <span class='ocrx_word' id='word_1_49' title='bbox 1740 1847 1953 1896; x_wconf 88' lang='lat' dir='ltr'>—lnter</span> <span class='ocrx_word' id='word_1_50' title='bbox 1989 1862 2046 1897; x_wconf 88' lang='lat' dir='ltr'>se</span> <span class='ocrx_word' id='word_1_51' title='bbox 2084 1845 2153 1910; x_wconf 82' lang='grc' dir='ltr'>(υ.</span> <span class='ocrx_word' id='word_1_52' title='bbox 2183 1844 2365 1911; x_wconf 74' lang='lat' dir='ltr'>infra).</span> <span class='ocrx_word' id='word_1_53' title='bbox 2436 1847 2481 1898; x_wconf 80' lang='lat' dir='ltr'><em>R</em></span> <span class='ocrx_word' id='word_1_54' title='bbox 2526 1850 2608 1899; x_wconf 83' lang='lat' dir='ltr'>cm·</span> <span class='ocrx_word' id='word_1_55' title='bbox 2641 1847 2767 1898; x_wconf 75' lang='lat' dir='ltr'>haec</span> <span class='ocrx_word' id='word_1_56' title='bbox 2804 1847 2959 1897; x_wconf 80' lang='lat' dir='ltr'>add.:</span> <span class='ocrx_word' id='word_1_57' title='bbox 3006 1863 3070 1898; x_wconf 77' lang='lat' dir='ltr'>ns</span> <span class='ocrx_word' id='word_1_58' title='bbox 3113 1864 3248 1899; x_wconf 72' lang='lat' dir='ltr'>cou-</span> 
     </span>
     <span class='ocr_line' id='line_1_7' title="bbox 640 1931 3247 2033; baseline -0.001 -13"><span class='ocrx_word' id='word_1_59' title='bbox 640 1984 956 2020; x_wconf 74' lang='lat' dir='ltr'>srnvcrtoas</span> <span class='ocrx_word' id='word_1_60' title='bbox 993 1983 1111 2017; x_wconf 74' lang='lat' dir='ltr'>siva</span> <span class='ocrx_word' id='word_1_61' title='bbox 1151 1931 1657 2019; x_wconf 46' lang='lat' dir='ltr'>onmm‘r‘id&#39;ffmms</span> <span class='ocrx_word' id='word_1_62' title='bbox 1691 1983 1840 2019; x_wconf 69' lang='lat' dir='ltr'>tarsa</span> <span class='ocrx_word' id='word_1_63' title='bbox 1878 1983 1937 2019; x_wconf 80' lang='lat' dir='ltr'>ss</span> <span class='ocrx_word' id='word_1_64' title='bbox 1973 1976 2023 2018; x_wconf 82' lang='lat' dir='ltr'>et</span> <span class='ocrx_word' id='word_1_65' title='bbox 2057 1969 2131 2017; x_wconf 80' lang='lat' dir='ltr'>ad</span> <span class='ocrx_word' id='word_1_66' title='bbox 2161 1984 2256 2033; x_wconf 67' lang='lat' dir='ltr'>my.</span> <span class='ocrx_word' id='word_1_67' title='bbox 2310 1983 2563 2018; x_wconf 58' lang='lat' dir='ltr'>rmsctsm</span> <span class='ocrx_word' id='word_1_68' title='bbox 2602 1950 2647 2021; x_wconf 73' lang='grc' dir='ltr'>ὅ.</span> <span class='ocrx_word' id='word_1_69' title='bbox 2694 1950 2744 2018; x_wconf 70' lang='grc' dir='ltr'>ὅ.</span> <span class='ocrx_word' id='word_1_70' title='bbox 2788 1971 3066 2019; x_wconf 62' lang='lat' dir='ltr'>aninumr</span> <span class='ocrx_word' id='word_1_71' title='bbox 3110 1986 3247 2020; x_wconf 70' lang='lat' dir='ltr'>css·</span> 
     </span>
     <span class='ocr_line' id='line_1_8' title="bbox 639 2069 3245 2107; baseline 0 -2"><span class='ocrx_word' id='word_1_72' title='bbox 639 2070 899 2107; x_wconf 55' lang='lat' dir='ltr'>ssatsusts</span> <span class='ocrx_word' id='word_1_73' title='bbox 935 2069 1180 2105; x_wconf 79' lang='lat' dir='ltr'>nocroats</span> <span class='ocrx_word' id='word_1_74' title='bbox 1219 2070 1363 2105; x_wconf 68' lang='lat' dir='ltr'>rasis</span> <span class='ocrx_word' id='word_1_75' title='bbox 1399 2069 1571 2105; x_wconf 68' lang='lat' dir='ltr'>aona</span> <span class='ocrx_word' id='word_1_76' title='bbox 1610 2070 2238 2107; x_wconf 60' lang='lat' dir='ltr'>consrsartsoromranas</span> <span class='ocrx_word' id='word_1_77' title='bbox 2277 2070 2422 2105; x_wconf 67' lang='lat' dir='ltr'>Lissa</span> <span class='ocrx_word' id='word_1_78' title='bbox 2459 2070 2566 2105; x_wconf 82' lang='lat' dir='ltr'>xvu</span> <span class='ocrx_word' id='word_1_79' title='bbox 2602 2071 2668 2105; x_wconf 74' lang='lat' dir='ltr'>ns</span> <span class='ocrx_word' id='word_1_80' title='bbox 2702 2070 3116 2107; x_wconf 69' lang='lat' dir='ltr'>coasravcrtoss</span> <span class='ocrx_word' id='word_1_81' title='bbox 3162 2072 3245 2107; x_wconf 69' lang='grc' dir='ltr'>ικ-</span> 
     </span>
    </p>
   </div>
   <div class='ocr_carea' id='block_1_6' title="bbox 642 2139 3247 2248">
    <p class='ocr_par' dir='ltr' id='par_1_6' title="bbox 642 2139 3247 2248">
     <span class='ocr_line' id='line_1_9' title="bbox 642 2139 3247 2247; baseline -0.001 -53"><span class='ocrx_word' id='word_1_82' title='bbox 642 2157 778 2194; x_wconf 71' lang='lat' dir='ltr'>curn·</span> <span class='ocrx_word' id='word_1_83' title='bbox 823 2143 1063 2205; x_wconf 75' lang='lat' dir='ltr'>Quisquis</span> <span class='ocrx_word' id='word_1_84' title='bbox 1107 2142 1299 2193; x_wconf 84' lang='lat' dir='ltr'>diserte</span> <span class='ocrx_word' id='word_1_85' title='bbox 1339 2148 1579 2208; x_wconf 79' lang='lat' dir='ltr'>properat</span> <span class='ocrx_word' id='word_1_86' title='bbox 1625 2149 1673 2191; x_wconf 86' lang='lat' dir='ltr'>et</span> <span class='ocrx_word' id='word_1_87' title='bbox 1721 2150 1856 2247; x_wconf 58' lang='lat' dir='ltr'>relctc</span> <span class='ocrx_word' id='word_1_88' title='bbox 1908 2142 2043 2205; x_wconf 85' lang='lat' dir='ltr'>loqui</span> <span class='ocrx_word' id='word_1_89' title='bbox 2077 2139 2088 2201; x_wconf 90' lang='grc' dir='ltr'>Ι</span> <span class='ocrx_word' id='word_1_90' title='bbox 2119 2150 2378 2207; x_wconf 76' lang='lat' dir='ltr'>percurrat</span> <span class='ocrx_word' id='word_1_91' title='bbox 2434 2149 2590 2191; x_wconf 87' lang='lat' dir='ltr'>artem</span> <span class='ocrx_word' id='word_1_92' title='bbox 2640 2143 2886 2207; x_wconf 77' lang='lat' dir='ltr'>prisciani</span> <span class='ocrx_word' id='word_1_93' title='bbox 2920 2144 3167 2209; x_wconf 68' lang='lat' dir='ltr'>peruigil.</span> <span class='ocrx_word' id='word_1_94' title='bbox 3212 2159 3247 2191; x_wconf 79' lang='lat' dir='ltr'>r</span> 
     </span>
     <span class='ocr_line' id='line_1_10' title="bbox 1790 2219 1918 2248; baseline 0.008 -1"><span class='ocrx_word' id='word_1_95' title='bbox 1790 2219 1918 2248; x_wconf 60' lang='lat' dir='ltr'>lctus</span> 
     </span>
    </p>
   </div>
   <div class='ocr_carea' id='block_1_7' title="bbox 744 2243 3240 2330">
    <p class='ocr_par' dir='ltr' id='par_1_7' title="bbox 744 2243 3240 2330">
     <span class='ocr_line' id='line_1_11' title="bbox 744 2243 3240 2330; baseline 0.001 -17"><span class='ocrx_word' id='word_1_96' title='bbox 744 2278 933 2314; x_wconf 72' lang='lat' dir='ltr'>inctru-</span> <span class='ocrx_word' id='word_1_97' title='bbox 971 2260 1047 2312; x_wconf 68' lang='lat' dir='ltr'>tib*</span> <span class='ocrx_word' id='word_1_98' title='bbox 1069 2275 1177 2316; x_wconf 88' lang='lat' dir='ltr'>xv11</span> <span class='ocrx_word' id='word_1_99' title='bbox 1214 2278 1277 2313; x_wconf 78' lang='lat' dir='ltr'>ns</span> <span class='ocrx_word' id='word_1_100' title='bbox 1305 2277 1731 2314; x_wconf 65' lang='lat' dir='ltr'>consrnvcrioss.</span> <span class='ocrx_word' id='word_1_101' title='bbox 1783 2264 1873 2313; x_wconf 78' lang='lat' dir='ltr'>Frs</span> <span class='ocrx_word' id='word_1_102' title='bbox 1910 2262 2191 2312; x_wconf 79' lang='lat' dir='ltr'>theodorus</span> <span class='ocrx_word' id='word_1_103' title='bbox 2222 2243 2343 2325; x_wconf 61' lang='lat' dir='ltr'>fud.</span> <span class='ocrx_word' id='word_1_104' title='bbox 2377 2264 2691 2314; x_wconf 79' lang='lat' dir='ltr'>memorialis</span> <span class='ocrx_word' id='word_1_105' title='bbox 2718 2265 3052 2314; x_wconf 88' lang='lat' dir='ltr'>sacriscrinii</span> <span class='ocrx_word' id='word_1_106' title='bbox 3089 2265 3240 2330; x_wconf 85' lang='lat' dir='ltr'>epis·</span> 
     </span>
    </p>
   </div>
   <div class='ocr_carea' id='block_1_8' title="bbox 638 2363 3236 2489">
    <p class='ocr_par' dir='ltr' id='par_1_8' title="bbox 638 2363 3236 2489">
     <span class='ocr_line' id='line_1_12' title="bbox 638 2363 3236 2489; baseline 0.001 -55"><span class='ocrx_word' id='word_1_107' title='bbox 638 2384 858 2434; x_wconf 87' lang='lat' dir='ltr'>tularum</span> <span class='ocrx_word' id='word_1_108' title='bbox 911 2393 959 2434; x_wconf 87' lang='lat' dir='ltr'>et</span> <span class='ocrx_word' id='word_1_109' title='bbox 1019 2384 1222 2434; x_wconf 86' lang='lat' dir='ltr'>adiutor</span> <span class='ocrx_word' id='word_1_110' title='bbox 1265 2366 1318 2434; x_wconf 74' lang='lat' dir='ltr'>ti.</span> <span class='ocrx_word' id='word_1_111' title='bbox 1373 2363 1438 2432; x_wconf 70' lang='lat' dir='ltr'>ni.</span> <span class='ocrx_word' id='word_1_112' title='bbox 1490 2385 1741 2446; x_wconf 83' lang='lat' dir='ltr'>questoris</span> <span class='ocrx_word' id='word_1_113' title='bbox 1790 2385 1920 2434; x_wconf 82' lang='lat' dir='ltr'>sacri</span> <span class='ocrx_word' id='word_1_114' title='bbox 1968 2384 2144 2450; x_wconf 88' lang='lat' dir='ltr'>palatii</span> <span class='ocrx_word' id='word_1_115' title='bbox 2189 2386 2375 2450; x_wconf 77' lang='lat' dir='ltr'>scripsi</span> <span class='ocrx_word' id='word_1_116' title='bbox 2429 2400 2578 2434; x_wconf 89' lang='lat' dir='ltr'>manu</span> <span class='ocrx_word' id='word_1_117' title='bbox 2622 2402 2739 2436; x_wconf 83' lang='lat' dir='ltr'>mea</span> <span class='ocrx_word' id='word_1_118' title='bbox 2786 2394 2960 2489; x_wconf 44' lang='grc' dir='ltr'>ηηοιῐὸ</span> <span class='ocrx_word' id='word_1_119' title='bbox 2982 2386 3236 2452; x_wconf 79' lang='lat' dir='ltr'>prisciani</span> 
     </span>
    </p>
   </div>
   <div class='ocr_carea' id='block_1_9' title="bbox 638 2486 3238 2677">
    <p class='ocr_par' dir='ltr' id='par_1_9' title="bbox 638 2486 3238 2677">
     <span class='ocr_line' id='line_1_13' title="bbox 641 2486 3238 2572; baseline 0.002 -19"><span class='ocrx_word' id='word_1_120' title='bbox 641 2506 737 2553; x_wconf 88' lang='lat' dir='ltr'>uiri</span> <span class='ocrx_word' id='word_1_121' title='bbox 776 2486 1128 2555; x_wconf 76' lang='lat' dir='ltr'>dissertissimi</span> <span class='ocrx_word' id='word_1_122' title='bbox 1166 2505 1483 2569; x_wconf 72' lang='lat' dir='ltr'>grammatici</span> <span class='ocrx_word' id='word_1_123' title='bbox 1519 2504 1742 2555; x_wconf 87' lang='lat' dir='ltr'>doctoris</span> <span class='ocrx_word' id='word_1_124' title='bbox 1781 2506 1879 2554; x_wconf 89' lang='lat' dir='ltr'>mei</span> <span class='ocrx_word' id='word_1_125' title='bbox 1920 2507 1970 2554; x_wconf 91' lang='lat' dir='ltr'>in</span> <span class='ocrx_word' id='word_1_126' title='bbox 2011 2506 2135 2555; x_wconf 89' lang='lat' dir='ltr'>urbe</span> <span class='ocrx_word' id='word_1_127' title='bbox 2172 2522 2312 2557; x_wconf 78' lang='lat' dir='ltr'>roma</span> <span class='ocrx_word' id='word_1_128' title='bbox 2347 2506 2773 2572; x_wconf 83' lang='lat' dir='ltr'>constantinopoli</span> <span class='ocrx_word' id='word_1_129' title='bbox 2808 2508 2893 2557; x_wconf 89' lang='lat' dir='ltr'>die</span> <span class='ocrx_word' id='word_1_130' title='bbox 2915 2507 2967 2571; x_wconf 53' lang='grc' dir='ltr'>«ᾖ</span> <span class='ocrx_word' id='word_1_131' title='bbox 2999 2506 3061 2557; x_wconf 73' lang='lat' dir='ltr'>kt</span> <span class='ocrx_word' id='word_1_132' title='bbox 3094 2522 3238 2557; x_wconf 83' lang='lat' dir='ltr'>mar-</span> 
     </span>
     <span class='ocr_line' id='line_1_14' title="bbox 638 2588 3233 2677; baseline 0.003 -20"><span class='ocrx_word' id='word_1_133' title='bbox 638 2609 736 2658; x_wconf 86' lang='lat' dir='ltr'>tias</span> <span class='ocrx_word' id='word_1_134' title='bbox 774 2609 1023 2659; x_wconf 87' lang='lat' dir='ltr'>mauortio</span> <span class='ocrx_word' id='word_1_135' title='bbox 1066 2624 1137 2659; x_wconf 88' lang='lat' dir='ltr'>.u.</span> <span class='ocrx_word' id='word_1_136' title='bbox 1173 2589 1218 2663; x_wconf 65' lang='lat' dir='ltr'>c.</span> <span class='ocrx_word' id='word_1_137' title='bbox 1255 2608 1494 2669; x_wconf 85' lang='lat' dir='ltr'>consule;</span> <span class='ocrx_word' id='word_1_138' title='bbox 1533 2619 1627 2660; x_wconf 63' lang='lat' dir='ltr'>*nt</span> <span class='ocrx_word' id='word_1_139' title='bbox 1650 2608 1728 2658; x_wconf 90' lang='lat' dir='ltr'>uel</span> <span class='ocrx_word' id='word_1_140' title='bbox 1751 2638 1820 2647; x_wconf 94' lang='lat'>--</span> <span class='ocrx_word' id='word_1_141' title='bbox 1847 2610 1977 2659; x_wconf 87' lang='lat' dir='ltr'>inter</span> <span class='ocrx_word' id='word_1_142' title='bbox 2013 2625 2070 2659; x_wconf 80' lang='lat' dir='ltr'>se</span> <span class='ocrx_word' id='word_1_143' title='bbox 2108 2608 2188 2671; x_wconf 86' lang='lat' dir='ltr'>(v.</span> <span class='ocrx_word' id='word_1_144' title='bbox 2221 2607 2431 2673; x_wconf 78' lang='lat' dir='ltr'>infra);</span> <span class='ocrx_word' id='word_1_145' title='bbox 2482 2611 2729 2675; x_wconf 80' lang='lat' dir='ltr'>prisciani</span> <span class='ocrx_word' id='word_1_146' title='bbox 2767 2591 2815 2658; x_wconf 79' lang='grc' dir='ltr'>ιἰ.</span> <span class='ocrx_word' id='word_1_147' title='bbox 2850 2611 2906 2661; x_wconf 88' lang='lat' dir='ltr'>d.</span> <span class='ocrx_word' id='word_1_148' title='bbox 2943 2588 3233 2677; x_wconf 38' lang='lat' dir='ltr'>grammis·</span> 
     </span>
    </p>
   </div>
   <div class='ocr_carea' id='block_1_10' title="bbox 637 2695 3236 2786">
    <p class='ocr_par' dir='ltr' id='par_1_10' title="bbox 637 2695 3236 2786">
     <span class='ocr_line' id='line_1_15' title="bbox 637 2695 3236 2786; baseline 0 -40"><span class='ocrx_word' id='word_1_149' title='bbox 637 2696 942 2747; x_wconf 80' lang='lat' dir='ltr'>cesariensis</span> <span class='ocrx_word' id='word_1_150' title='bbox 980 2695 1211 2786; x_wconf 63' lang='lat' dir='ltr'>doctoris⁵</span> <span class='ocrx_word' id='word_1_151' title='bbox 1242 2696 1380 2746; x_wconf 88' lang='lat' dir='ltr'>urbis</span> <span class='ocrx_word' id='word_1_152' title='bbox 1417 2710 1558 2763; x_wconf 63' lang='lat' dir='ltr'>rome</span> <span class='ocrx_word' id='word_1_153' title='bbox 1590 2695 2143 2762; x_wconf 64' lang='lat' dir='ltr'>constantinopolitane</span> <span class='ocrx_word' id='word_1_154' title='bbox 2177 2696 2266 2745; x_wconf 86' lang='lat' dir='ltr'>lib.</span> <span class='ocrx_word' id='word_1_155' title='bbox 2312 2696 2456 2746; x_wconf 75' lang='lat' dir='ltr'>XVI!</span> <span class='ocrx_word' id='word_1_156' title='bbox 2506 2695 2576 2745; x_wconf 87' lang='lat' dir='ltr'>De</span> <span class='ocrx_word' id='word_1_157' title='bbox 2613 2697 2991 2748; x_wconf 88' lang='lat' dir='ltr'>constructione</span> <span class='ocrx_word' id='word_1_158' title='bbox 3027 2699 3236 2764; x_wconf 87' lang='lat' dir='ltr'>incipit.</span> 
     </span>
    </p>
   </div>
   <div class='ocr_carea' id='block_1_11' title="bbox 639 2772 3233 3095">
    <p class='ocr_par' dir='ltr' id='par_1_11' title="bbox 639 2772 3233 3095">
     <span class='ocr_line' id='line_1_16' title="bbox 643 2772 3233 2869; baseline -0 -17"><span class='ocrx_word' id='word_1_159' title='bbox 643 2805 691 2852; x_wconf 83' lang='lat' dir='ltr'>ss.</span> <span class='ocrx_word' id='word_1_160' title='bbox 734 2801 976 2864; x_wconf 87' lang='lat' dir='ltr'>Quisquis</span> <span class='ocrx_word' id='word_1_161' title='bbox 1011 2772 1201 2852; x_wconf 66' lang='lat' dir='ltr'>deserti</span> <span class='ocrx_word' id='word_1_162' title='bbox 1239 2809 1475 2867; x_wconf 81' lang='lat' dir='ltr'>properat</span> <span class='ocrx_word' id='word_1_163' title='bbox 1513 2809 1562 2850; x_wconf 87' lang='lat' dir='ltr'>et</span> <span class='ocrx_word' id='word_1_164' title='bbox 1597 2809 1729 2850; x_wconf 85' lang='lat' dir='ltr'>recte</span> <span class='ocrx_word' id='word_1_165' title='bbox 1764 2800 1904 2865; x_wconf 86' lang='lat' dir='ltr'>loqui</span> <span class='ocrx_word' id='word_1_166' title='bbox 1944 2809 2206 2865; x_wconf 73' lang='lat' dir='ltr'>percurrat</span> <span class='ocrx_word' id='word_1_167' title='bbox 2243 2808 2401 2851; x_wconf 90' lang='lat' dir='ltr'>artem</span> <span class='ocrx_word' id='word_1_168' title='bbox 2449 2803 2694 2867; x_wconf 83' lang='lat' dir='ltr'>prisciani</span> <span class='ocrx_word' id='word_1_169' title='bbox 2744 2818 2836 2868; x_wconf 86' lang='lat' dir='ltr'>per</span> <span class='ocrx_word' id='word_1_170' title='bbox 2881 2802 3013 2869; x_wconf 84' lang='lat' dir='ltr'>uirgl</span> <span class='ocrx_word' id='word_1_171' title='bbox 3069 2802 3233 2869; x_wconf 89' lang='lat' dir='ltr'>(per-</span> 
     </span>
     <span class='ocr_line' id='line_1_17' title="bbox 639 2870 3233 2937; baseline -0.001 -15"><span class='ocrx_word' id='word_1_172' title='bbox 639 2872 767 2937; x_wconf 83' lang='lat' dir='ltr'>uigil</span> <span class='ocrx_word' id='word_1_173' title='bbox 797 2874 890 2924; x_wconf 82' lang='lat' dir='ltr'>d).</span> <span class='ocrx_word' id='word_1_174' title='bbox 943 2872 1017 2920; x_wconf 88' lang='lat' dir='ltr'>De</span> <span class='ocrx_word' id='word_1_175' title='bbox 1055 2872 1442 2924; x_wconf 70' lang='lat' dir='ltr'>consrructions</span> <span class='ocrx_word' id='word_1_176' title='bbox 1485 2872 1597 2920; x_wconf 83' lang='lat' dir='ltr'>siue</span> <span class='ocrx_word' id='word_1_177' title='bbox 1634 2885 1980 2922; x_wconf 57' lang='lat' dir='ltr'>onoma-riona</span> <span class='ocrx_word' id='word_1_178' title='bbox 2017 2870 2248 2922; x_wconf 87' lang='lat' dir='ltr'>Parcium</span> <span class='ocrx_word' id='word_1_179' title='bbox 2285 2873 2529 2921; x_wconf 85' lang='lat' dir='ltr'>orationis</span> <span class='ocrx_word' id='word_1_180' title='bbox 2576 2874 2704 2922; x_wconf 85' lang='lat' dir='ltr'>inter</span> <span class='ocrx_word' id='word_1_181' title='bbox 2738 2889 2812 2922; x_wconf 86' lang='lat' dir='ltr'>se.</span> <span class='ocrx_word' id='word_1_182' title='bbox 2852 2873 2940 2922; x_wconf 83' lang='lat' dir='ltr'>Dd</span> <span class='ocrx_word' id='word_1_183' title='bbox 3113 2871 3233 2922; x_wconf 76' lang='lat' dir='ltr'>Fla-</span> 
     </span>
     <span class='ocr_line' id='line_1_18' title="bbox 640 2940 3231 3007; baseline 0 -16"><span class='ocrx_word' id='word_1_184' title='bbox 640 2945 820 2992; x_wconf 82' lang='lat' dir='ltr'>uianus</span> <span class='ocrx_word' id='word_1_185' title='bbox 857 2940 1155 2993; x_wconf 82' lang='lat' dir='ltr'>Theodorus</span> <span class='ocrx_word' id='word_1_186' title='bbox 1194 2942 1398 2992; x_wconf 89' lang='lat' dir='ltr'>dionisii</span> <span class='ocrx_word' id='word_1_187' title='bbox 1442 2942 1540 2991; x_wconf 87' lang='lat' dir='ltr'>uiri</span> <span class='ocrx_word' id='word_1_188' title='bbox 1579 2941 1895 2991; x_wconf 68' lang='lat' dir='ltr'>disertissimi</span> <span class='ocrx_word' id='word_1_189' title='bbox 1937 2941 2245 2991; x_wconf 79' lang='lat' dir='ltr'>memorialis</span> <span class='ocrx_word' id='word_1_190' title='bbox 2284 2944 2414 2991; x_wconf 84' lang='lat' dir='ltr'>sacri</span> <span class='ocrx_word' id='word_1_191' title='bbox 2462 2943 2635 2991; x_wconf 87' lang='lat' dir='ltr'>scrinii</span> <span class='ocrx_word' id='word_1_192' title='bbox 2680 2942 3009 3007; x_wconf 86' lang='lat' dir='ltr'>epistolarum</span> <span class='ocrx_word' id='word_1_193' title='bbox 3047 2951 3095 2992; x_wconf 90' lang='lat' dir='ltr'>et</span> <span class='ocrx_word' id='word_1_194' title='bbox 3134 2944 3231 2992; x_wconf 83' lang='lat' dir='ltr'>ad·</span> 
     </span>
     <span class='ocr_line' id='line_1_19' title="bbox 639 3010 3232 3095; baseline 0 -34"><span class='ocrx_word' id='word_1_195' title='bbox 639 3017 771 3061; x_wconf 88' lang='lat' dir='ltr'>iutor</span> <span class='ocrx_word' id='word_1_196' title='bbox 808 3012 902 3063; x_wconf 87' lang='lat' dir='ltr'>uiri</span> <span class='ocrx_word' id='word_1_197' title='bbox 940 3015 1112 3078; x_wconf 81' lang='lat' dir='ltr'>magni</span> <span class='ocrx_word' id='word_1_198' title='bbox 1151 3012 1443 3073; x_wconf 86' lang='lat' dir='ltr'>Quaestoris</span> <span class='ocrx_word' id='word_1_199' title='bbox 1489 3012 1619 3062; x_wconf 86' lang='lat' dir='ltr'>sacri</span> <span class='ocrx_word' id='word_1_200' title='bbox 1656 3010 1829 3077; x_wconf 90' lang='lat' dir='ltr'>palatii</span> <span class='ocrx_word' id='word_1_201' title='bbox 1877 3012 2061 3077; x_wconf 81' lang='lat' dir='ltr'>scripsi</span> <span class='ocrx_word' id='word_1_202' title='bbox 2110 3027 2259 3060; x_wconf 87' lang='lat' dir='ltr'>manu</span> <span class='ocrx_word' id='word_1_203' title='bbox 2298 3027 2411 3061; x_wconf 84' lang='lat' dir='ltr'>mea</span> <span class='ocrx_word' id='word_1_204' title='bbox 2458 3021 2616 3062; x_wconf 86' lang='lat' dir='ltr'>artem</span> <span class='ocrx_word' id='word_1_205' title='bbox 2654 3012 2895 3095; x_wconf 59' lang='lat' dir='ltr'>Prisciani</span> <span class='ocrx_word' id='word_1_206' title='bbox 2936 3014 3031 3062; x_wconf 89' lang='lat' dir='ltr'>uiri</span> <span class='ocrx_word' id='word_1_207' title='bbox 3065 3013 3232 3062; x_wconf 88' lang='lat' dir='ltr'>diser-</span> 
     </span>
    </p>
   </div>
   <div class='ocr_carea' id='block_1_12' title="bbox 630 3096 3232 4280">
    <p class='ocr_par' dir='ltr' id='par_1_12' title="bbox 635 3096 3232 3512">
     <span class='ocr_line' id='line_1_20' title="bbox 639 3096 3230 3164; baseline -0 -15"><span class='ocrx_word' id='word_1_208' title='bbox 639 3100 823 3150; x_wconf 84' lang='lat' dir='ltr'>tissimi</span> <span class='ocrx_word' id='word_1_209' title='bbox 867 3102 1182 3162; x_wconf 74' lang='lat' dir='ltr'>grammatici</span> <span class='ocrx_word' id='word_1_210' title='bbox 1234 3100 1456 3150; x_wconf 87' lang='lat' dir='ltr'>doctoris</span> <span class='ocrx_word' id='word_1_211' title='bbox 1506 3100 1606 3148; x_wconf 88' lang='lat' dir='ltr'>mei</span> <span class='ocrx_word' id='word_1_212' title='bbox 1654 3099 1700 3146; x_wconf 89' lang='lat' dir='ltr'>in</span> <span class='ocrx_word' id='word_1_213' title='bbox 1751 3099 1875 3148; x_wconf 83' lang='lat' dir='ltr'>urbe</span> <span class='ocrx_word' id='word_1_214' title='bbox 1921 3099 2081 3147; x_wconf 86' lang='lat' dir='ltr'>Roma</span> <span class='ocrx_word' id='word_1_215' title='bbox 2116 3096 2549 3164; x_wconf 79' lang='lat' dir='ltr'>Constantinopoli</span> <span class='ocrx_word' id='word_1_216' title='bbox 2588 3101 2668 3149; x_wconf 89' lang='lat' dir='ltr'>die</span> <span class='ocrx_word' id='word_1_217' title='bbox 2708 3101 2769 3148; x_wconf 91' lang='lat' dir='ltr'>V.</span> <span class='ocrx_word' id='word_1_218' title='bbox 2811 3100 2890 3149; x_wconf 74' lang='lat'>111.</span> <span class='ocrx_word' id='word_1_219' title='bbox 2932 3101 3077 3149; x_wconf 77' lang='lat' dir='ltr'>Mart.</span> <span class='ocrx_word' id='word_1_220' title='bbox 3120 3099 3230 3149; x_wconf 84' lang='lat' dir='ltr'>Ma-</span> 
     </span>
     <span class='ocr_line' id='line_1_21' title="bbox 638 3169 3230 3232; baseline -0 -13"><span class='ocrx_word' id='word_1_221' title='bbox 638 3171 802 3219; x_wconf 83' lang='lat' dir='ltr'>uortio</span> <span class='ocrx_word' id='word_1_222' title='bbox 840 3171 948 3218; x_wconf 88' lang='lat' dir='ltr'>uiro</span> <span class='ocrx_word' id='word_1_223' title='bbox 994 3169 1278 3221; x_wconf 88' lang='lat' dir='ltr'>clarissimo</span> <span class='ocrx_word' id='word_1_224' title='bbox 1316 3169 1559 3231; x_wconf 87' lang='lat' dir='ltr'>consule,</span> <span class='ocrx_word' id='word_1_225' title='bbox 1609 3169 1672 3218; x_wconf 90' lang='lat' dir='ltr'>de</span> <span class='ocrx_word' id='word_1_226' title='bbox 1710 3170 2085 3219; x_wconf 88' lang='lat' dir='ltr'>constructione</span> <span class='ocrx_word' id='word_1_227' title='bbox 2117 3171 2333 3232; x_wconf 84' lang='lat' dir='ltr'>partium</span> <span class='ocrx_word' id='word_1_228' title='bbox 2372 3170 2616 3220; x_wconf 89' lang='lat' dir='ltr'>orationis</span> <span class='ocrx_word' id='word_1_229' title='bbox 2654 3170 2784 3220; x_wconf 89' lang='lat' dir='ltr'>inter</span> <span class='ocrx_word' id='word_1_230' title='bbox 2820 3186 2877 3220; x_wconf 87' lang='lat' dir='ltr'>se</span> <span class='ocrx_word' id='word_1_231' title='bbox 2918 3170 3061 3219; x_wconf 75' lang='lat' dir='ltr'>xvu</span> <span class='ocrx_word' id='word_1_232' title='bbox 3098 3169 3230 3219; x_wconf 88' lang='lat' dir='ltr'>liber</span> 
     </span>
     <span class='ocr_line' id='line_1_22' title="bbox 635 3237 3227 3305; baseline -0.001 -16"><span class='ocrx_word' id='word_1_233' title='bbox 635 3239 894 3305; x_wconf 80' lang='lat' dir='ltr'>prisciani.</span> <span class='ocrx_word' id='word_1_234' title='bbox 935 3238 977 3287; x_wconf 91' lang='lat' dir='ltr'><strong><em>S</em></strong></span> <span class='ocrx_word' id='word_1_235' title='bbox 1129 3240 1283 3289; x_wconf 92' lang='lat' dir='ltr'>Liber</span> <span class='ocrx_word' id='word_1_236' title='bbox 1323 3239 1481 3288; x_wconf 87' lang='lat' dir='ltr'>XVlll</span> <span class='ocrx_word' id='word_1_237' title='bbox 1520 3240 1583 3288; x_wconf 90' lang='lat' dir='ltr'>de</span> <span class='ocrx_word' id='word_1_238' title='bbox 1623 3239 1995 3289; x_wconf 85' lang='lat' dir='ltr'>constructione</span> <span class='ocrx_word' id='word_1_239' title='bbox 2035 3238 2115 3287; x_wconf 89' lang='lat' dir='ltr'>nel</span> <span class='ocrx_word' id='word_1_240' title='bbox 2156 3239 2219 3286; x_wconf 87' lang='lat' dir='ltr'>de</span> <span class='ocrx_word' id='word_1_241' title='bbox 2257 3237 2569 3287; x_wconf 83' lang='lat' dir='ltr'>ordinatione</span> <span class='ocrx_word' id='word_1_242' title='bbox 2607 3241 2823 3303; x_wconf 86' lang='lat' dir='ltr'>partium</span> <span class='ocrx_word' id='word_1_243' title='bbox 2866 3240 3109 3288; x_wconf 84' lang='lat' dir='ltr'>orationis</span> <span class='ocrx_word' id='word_1_244' title='bbox 3148 3240 3227 3287; x_wconf 82' lang='lat' dir='ltr'>in-</span> 
     </span>
     <span class='ocr_line' id='line_1_23' title="bbox 638 3307 3226 3371; baseline -0.001 -13"><span class='ocrx_word' id='word_1_245' title='bbox 638 3320 713 3358; x_wconf 84' lang='lat' dir='ltr'>ter</span> <span class='ocrx_word' id='word_1_246' title='bbox 744 3311 844 3358; x_wconf 64' lang='lat' dir='ltr'>se?</span> <span class='ocrx_word' id='word_1_247' title='bbox 875 3310 1116 3359; x_wconf 81' lang='lat' dir='ltr'>Prisciani</span> <span class='ocrx_word' id='word_1_248' title='bbox 1155 3309 1252 3359; x_wconf 89' lang='lat' dir='ltr'>uiri</span> <span class='ocrx_word' id='word_1_249' title='bbox 1289 3308 1639 3358; x_wconf 77' lang='lat' dir='ltr'>dissertissimi</span> <span class='ocrx_word' id='word_1_250' title='bbox 1674 3308 1942 3371; x_wconf 83' lang='lat' dir='ltr'>gramatici</span> <span class='ocrx_word' id='word_1_251' title='bbox 1976 3307 2288 3357; x_wconf 79' lang='lat' dir='ltr'>cesariensis</span> <span class='ocrx_word' id='word_1_252' title='bbox 2324 3307 2548 3358; x_wconf 87' lang='lat' dir='ltr'>doctoris</span> <span class='ocrx_word' id='word_1_253' title='bbox 2584 3309 2725 3358; x_wconf 85' lang='lat' dir='ltr'>urbis</span> <span class='ocrx_word' id='word_1_254' title='bbox 2761 3310 2951 3360; x_wconf 82' lang='lat' dir='ltr'>Romae</span> <span class='ocrx_word' id='word_1_255' title='bbox 2989 3317 3226 3358; x_wconf 83' lang='lat' dir='ltr'>constan·</span> 
     </span>
     <span class='ocr_line' id='line_1_24' title="bbox 635 3377 3232 3445; baseline 0.001 -18"><span class='ocrx_word' id='word_1_256' title='bbox 635 3379 1014 3445; x_wconf 86' lang='lat' dir='ltr'>tinopolitanae.</span> <span class='ocrx_word' id='word_1_257' title='bbox 1053 3378 1104 3428; x_wconf 84' lang='lat' dir='ltr'><em>N</em></span> <span class='ocrx_word' id='word_1_258' title='bbox 1275 3377 1515 3428; x_wconf 85' lang='lat' dir='ltr'>Prisciani</span> <span class='ocrx_word' id='word_1_259' title='bbox 1550 3377 1677 3426; x_wconf 87' lang='lat' dir='ltr'>liber</span> <span class='ocrx_word' id='word_1_260' title='bbox 1712 3377 1851 3426; x_wconf 83' lang='lat' dir='ltr'>xvn</span> <span class='ocrx_word' id='word_1_261' title='bbox 1899 3377 1962 3425; x_wconf 86' lang='lat' dir='ltr'>de</span> <span class='ocrx_word' id='word_1_262' title='bbox 2006 3378 2380 3427; x_wconf 83' lang='lat' dir='ltr'>constructione</span> <span class='ocrx_word' id='word_1_263' title='bbox 2433 3380 2648 3441; x_wconf 84' lang='lat' dir='ltr'>partium</span> <span class='ocrx_word' id='word_1_264' title='bbox 2701 3380 2959 3430; x_wconf 77' lang='lat' dir='ltr'>orationis.</span> <span class='ocrx_word' id='word_1_265' title='bbox 3000 3377 3060 3428; x_wconf 86' lang='lat'>0.</span> <span class='ocrx_word' id='word_1_266' title='bbox 3107 3379 3232 3430; x_wconf 71' lang='lat' dir='ltr'>nihil</span> 
     </span>
     <span class='ocr_line' id='line_1_25' title="bbox 637 3446 3223 3512; baseline 0.001 -15"><span class='ocrx_word' id='word_1_267' title='bbox 637 3450 928 3499; x_wconf 74' lang='lat' dir='ltr'>adnotatum</span> <span class='ocrx_word' id='word_1_268' title='bbox 964 3450 1157 3500; x_wconf 76' lang='lat' dir='ltr'>invenio</span> <span class='ocrx_word' id='word_1_269' title='bbox 1205 3449 1270 3497; x_wconf 85' lang='lat' dir='ltr'>de</span> <span class='ocrx_word' id='word_1_270' title='bbox 1307 3446 1370 3496; x_wconf 87' lang='lat' dir='ltr'><em>M</em></span> <span class='ocrx_word' id='word_1_271' title='bbox 1379 3465 1401 3505; x_wconf 89' lang='lat'>,·</span> <span class='ocrx_word' id='word_1_272' title='bbox 1449 3449 1773 3509; x_wconf 66' lang='lat' dir='ltr'>inscriptione</span> <span class='ocrx_word' id='word_1_273' title='bbox 1807 3455 1984 3496; x_wconf 75' lang='lat' dir='ltr'>carent</span> <span class='ocrx_word' id='word_1_274' title='bbox 2020 3447 2147 3507; x_wconf 79' lang='lat' dir='ltr'>GL,</span> <span class='ocrx_word' id='word_1_275' title='bbox 2193 3449 2281 3512; x_wconf 80' lang='lat' dir='ltr'>qui</span> <span class='ocrx_word' id='word_1_276' title='bbox 2320 3447 2384 3497; x_wconf 83' lang='lat' dir='ltr'>ab</span> <span class='ocrx_word' id='word_1_277' title='bbox 2431 3450 2570 3498; x_wconf 77' lang='lat' dir='ltr'>initio</span> <span class='ocrx_word' id='word_1_278' title='bbox 2606 3449 2689 3498; x_wconf 74' lang='lat' dir='ltr'>lib.</span> <span class='ocrx_word' id='word_1_279' title='bbox 2732 3448 2870 3498; x_wconf 77' lang='lat' dir='ltr'>xvii</span> <span class='ocrx_word' id='word_1_280' title='bbox 2912 3451 3089 3499; x_wconf 74' lang='lat' dir='ltr'>iterum</span> <span class='ocrx_word' id='word_1_281' title='bbox 3124 3451 3223 3500; x_wconf 81' lang='lat' dir='ltr'>inc.</span> 
     </span>
    </p>

    <p class='ocr_par' dir='ltr' id='par_1_13' title="bbox 630 3515 3225 4280">
     <span class='ocr_line' id='line_1_26' title="bbox 780 3515 3222 3585; baseline 0.001 -21"><span class='ocrx_word' id='word_1_282' title='bbox 780 3519 851 3568; x_wconf 79' lang='lat' dir='ltr'>De</span> <span class='ocrx_word' id='word_1_283' title='bbox 875 3518 1193 3569; x_wconf 83' lang='lat' dir='ltr'>ordinatione</span> <span class='ocrx_word' id='word_1_284' title='bbox 1220 3517 1513 3566; x_wconf 86' lang='lat' dir='ltr'>dictionum.</span> <span class='ocrx_word' id='word_1_285' title='bbox 1569 3516 1639 3565; x_wconf 86' lang='lat' dir='ltr'>De</span> <span class='ocrx_word' id='word_1_286' title='bbox 1677 3516 1843 3567; x_wconf 86' lang='lat' dir='ltr'>littera</span> <span class='ocrx_word' id='word_1_287' title='bbox 1877 3524 1926 3565; x_wconf 90' lang='lat' dir='ltr'>et</span> <span class='ocrx_word' id='word_1_288' title='bbox 1962 3515 2160 3580; x_wconf 61' lang='lat' dir='ltr'>syllaba</span> <span class='ocrx_word' id='word_1_289' title='bbox 2195 3518 2510 3579; x_wconf 64' lang='lat' dir='ltr'>dictionisque</span> <span class='ocrx_word' id='word_1_290' title='bbox 2551 3517 2825 3581; x_wconf 80' lang='lat' dir='ltr'>duplicatis</span> <span class='ocrx_word' id='word_1_291' title='bbox 2863 3519 2943 3567; x_wconf 84' lang='lat' dir='ltr'>uel</span> <span class='ocrx_word' id='word_1_292' title='bbox 2982 3520 3222 3585; x_wconf 88' lang='lat' dir='ltr'>demptis.</span> 
     </span>
     <span class='ocr_line' id='line_1_27' title="bbox 636 3585 3224 3652; baseline 0 -15"><span class='ocrx_word' id='word_1_293' title='bbox 636 3588 712 3638; x_wconf 86' lang='lat' dir='ltr'>De</span> <span class='ocrx_word' id='word_1_294' title='bbox 744 3587 827 3637; x_wconf 89' lang='lat' dir='ltr'>his</span> <span class='ocrx_word' id='word_1_295' title='bbox 862 3589 892 3651; x_wconf 72' lang='grc' dir='ltr'>(ἶ</span> <span class='ocrx_word' id='word_1_296' title='bbox 927 3596 1062 3637; x_wconf 86' lang='lat' dir='ltr'>recte</span> <span class='ocrx_word' id='word_1_297' title='bbox 1097 3588 1386 3638; x_wconf 87' lang='lat' dir='ltr'>scribuntur</span> <span class='ocrx_word' id='word_1_298' title='bbox 1422 3593 1470 3636; x_wconf 84' lang='lat' dir='ltr'>et.</span> <span class='ocrx_word' id='word_1_299' title='bbox 1507 3602 1636 3648; x_wconf 86' lang='lat' dir='ltr'>quae</span> <span class='ocrx_word' id='word_1_300' title='bbox 1668 3602 1785 3636; x_wconf 88' lang='lat' dir='ltr'>non.</span> <span class='ocrx_word' id='word_1_301' title='bbox 1842 3585 1915 3635; x_wconf 88' lang='lat' dir='ltr'>De</span> <span class='ocrx_word' id='word_1_302' title='bbox 1948 3585 2113 3636; x_wconf 82' lang='lat' dir='ltr'>littera</span> <span class='ocrx_word' id='word_1_303' title='bbox 2148 3586 2446 3652; x_wconf 74' lang='lat' dir='ltr'>syllabaqne</span> <span class='ocrx_word' id='word_1_304' title='bbox 2484 3603 2543 3636; x_wconf 89' lang='lat' dir='ltr'>ac</span> <span class='ocrx_word' id='word_1_305' title='bbox 2576 3588 2795 3638; x_wconf 83' lang='lat' dir='ltr'>dictione</span> <span class='ocrx_word' id='word_1_306' title='bbox 2836 3590 2885 3638; x_wconf 91' lang='lat' dir='ltr'>in</span> <span class='ocrx_word' id='word_1_307' title='bbox 2924 3588 3052 3638; x_wconf 86' lang='lat' dir='ltr'>duas</span> <span class='ocrx_word' id='word_1_308' title='bbox 3092 3588 3224 3638; x_wconf 87' lang='lat' dir='ltr'>diui-</span> 
     </span>
     <span class='ocr_line' id='line_1_28' title="bbox 636 3656 3225 3724; baseline -0.001 -15"><span class='ocrx_word' id='word_1_309' title='bbox 636 3660 729 3718; x_wconf 64' lang='grc' dir='ltr'>εἰς,</span> <span class='ocrx_word' id='word_1_310' title='bbox 765 3672 856 3708; x_wconf 84' lang='lat' dir='ltr'>sen</span> <span class='ocrx_word' id='word_1_311' title='bbox 894 3658 1095 3708; x_wconf 86' lang='lat' dir='ltr'>duabus</span> <span class='ocrx_word' id='word_1_312' title='bbox 1118 3659 1180 3724; x_wconf 56' lang='lat' dir='ltr'>,in</span> <span class='ocrx_word' id='word_1_313' title='bbox 1217 3672 1368 3706; x_wconf 88' lang='lat' dir='ltr'>unam</span> <span class='ocrx_word' id='word_1_314' title='bbox 1406 3656 1704 3706; x_wconf 77' lang='lat' dir='ltr'>coniunctis.</span> <span class='ocrx_word' id='word_1_315' title='bbox 1773 3657 1848 3706; x_wconf 88' lang='lat' dir='ltr'>De</span> <span class='ocrx_word' id='word_1_316' title='bbox 1897 3656 2205 3708; x_wconf 88' lang='lat' dir='ltr'>dictionibus</span> <span class='ocrx_word' id='word_1_317' title='bbox 2256 3661 2389 3719; x_wconf 83' lang='lat' dir='ltr'>quae&#39;</span> <span class='ocrx_word' id='word_1_318' title='bbox 2432 3673 2635 3708; x_wconf 86' lang='lat' dir='ltr'>sensum</span> <span class='ocrx_word' id='word_1_319' title='bbox 2683 3658 2870 3708; x_wconf 84' lang='lat' dir='ltr'>habent</span> <span class='ocrx_word' id='word_1_320' title='bbox 2905 3658 3137 3709; x_wconf 85' lang='lat' dir='ltr'>absolute</span> <span class='ocrx_word' id='word_1_321' title='bbox 3175 3668 3225 3707; x_wconf 83' lang='lat' dir='ltr'>et</span> 
     </span>
     <span class='ocr_line' id='line_1_29' title="bbox 636 3724 3223 3793; baseline 0.001 -19"><span class='ocrx_word' id='word_1_322' title='bbox 636 3743 767 3790; x_wconf 79' lang='lat' dir='ltr'>quae</span> <span class='ocrx_word' id='word_1_323' title='bbox 806 3742 923 3776; x_wconf 88' lang='lat' dir='ltr'>non.</span> <span class='ocrx_word' id='word_1_324' title='bbox 974 3737 1023 3777; x_wconf 89' lang='lat' dir='ltr'>et</span> <span class='ocrx_word' id='word_1_325' title='bbox 1059 3743 1188 3789; x_wconf 88' lang='lat' dir='ltr'>quae</span> <span class='ocrx_word' id='word_1_326' title='bbox 1225 3729 1276 3775; x_wconf 90' lang='lat' dir='ltr'>in</span> <span class='ocrx_word' id='word_1_327' title='bbox 1311 3726 1423 3776; x_wconf 89' lang='lat' dir='ltr'>loco</span> <span class='ocrx_word' id='word_1_328' title='bbox 1461 3726 1591 3775; x_wconf 69' lang='lat' dir='ltr'>illia?</span> <span class='ocrx_word' id='word_1_329' title='bbox 1629 3735 1903 3791; x_wconf 79' lang='lat' dir='ltr'>ponuntur.</span> <span class='ocrx_word' id='word_1_330' title='bbox 1962 3724 2035 3774; x_wconf 79' lang='lat' dir='ltr'>De</span> <span class='ocrx_word' id='word_1_331' title='bbox 2081 3726 2185 3776; x_wconf 90' lang='lat' dir='ltr'>illis</span> <span class='ocrx_word' id='word_1_332' title='bbox 2230 3729 2316 3789; x_wconf 87' lang='lat' dir='ltr'>qni</span> <span class='ocrx_word' id='word_1_333' title='bbox 2355 3728 2586 3792; x_wconf 84' lang='lat' dir='ltr'>imperite</span> <span class='ocrx_word' id='word_1_334' title='bbox 2628 3729 2800 3778; x_wconf 84' lang='lat' dir='ltr'>dicunt</span> <span class='ocrx_word' id='word_1_335' title='bbox 2839 3744 2935 3778; x_wconf 93' lang='lat' dir='ltr'>non</span> <span class='ocrx_word' id='word_1_336' title='bbox 2976 3743 3223 3793; x_wconf 83' lang='lat' dir='ltr'>quaeren-</span> 
     </span>
     <span class='ocr_line' id='line_1_30' title="bbox 634 3795 3225 3857; baseline 0 -10"><span class='ocrx_word' id='word_1_337' title='bbox 634 3799 757 3847; x_wconf 86' lang='lat' dir='ltr'>dum</span> <span class='ocrx_word' id='word_1_338' title='bbox 791 3813 905 3847; x_wconf 82' lang='lat' dir='ltr'>esse</span> <span class='ocrx_word' id='word_1_339' title='bbox 943 3796 1309 3848; x_wconf 88' lang='lat' dir='ltr'>ordinationem</span> <span class='ocrx_word' id='word_1_340' title='bbox 1343 3795 1610 3845; x_wconf 87' lang='lat' dir='ltr'>locutionis</span> <span class='ocrx_word' id='word_1_341' title='bbox 1644 3796 1742 3845; x_wconf 85' lang='lat' dir='ltr'>nisi</span> <span class='ocrx_word' id='word_1_342' title='bbox 1778 3797 1829 3845; x_wconf 92' lang='lat' dir='ltr'>in</span> <span class='ocrx_word' id='word_1_343' title='bbox 1873 3804 2056 3844; x_wconf 84' lang='lat' dir='ltr'>euentu</span> <span class='ocrx_word' id='word_1_344' title='bbox 2105 3798 2488 3847; x_wconf 85' lang='lat' dir='ltr'>consuetudinis</span> <span class='ocrx_word' id='word_1_345' title='bbox 2526 3800 2790 3857; x_wconf 63' lang='lat' dir='ltr'>contingit.</span> <span class='ocrx_word' id='word_1_346' title='bbox 2855 3798 2928 3848; x_wconf 86' lang='lat' dir='ltr'>De</span> <span class='ocrx_word' id='word_1_347' title='bbox 2962 3807 3225 3847; x_wconf 86' lang='lat' dir='ltr'>construc-</span> 
     </span>
     <span class='ocr_line' id='line_1_31' title="bbox 633 3864 3223 3933; baseline -0 -16"><span class='ocrx_word' id='word_1_348' title='bbox 633 3869 771 3917; x_wconf 89' lang='lat' dir='ltr'>tione</span> <span class='ocrx_word' id='word_1_349' title='bbox 815 3869 1039 3916; x_wconf 89' lang='lat' dir='ltr'>omninm</span> <span class='ocrx_word' id='word_1_350' title='bbox 1089 3867 1305 3933; x_wconf 89' lang='lat' dir='ltr'>partium</span> <span class='ocrx_word' id='word_1_351' title='bbox 1354 3864 1596 3916; x_wconf 85' lang='lat' dir='ltr'>orationis</span> <span class='ocrx_word' id='word_1_352' title='bbox 1633 3865 1723 3917; x_wconf 87' lang='lat' dir='ltr'>sed</span> <span class='ocrx_word' id='word_1_353' title='bbox 1765 3867 1985 3931; x_wconf 89' lang='lat' dir='ltr'>primum</span> <span class='ocrx_word' id='word_1_354' title='bbox 2023 3870 2087 3914; x_wconf 84' lang='lat' dir='ltr'>de</span> <span class='ocrx_word' id='word_1_355' title='bbox 2125 3866 2370 3916; x_wconf 81' lang='lat' dir='ltr'>articulis.</span> <span class='ocrx_word' id='word_1_356' title='bbox 2427 3866 2496 3916; x_wconf 89' lang='lat' dir='ltr'>De</span> <span class='ocrx_word' id='word_1_357' title='bbox 2531 3870 2835 3921; x_wconf 87' lang='lat' dir='ltr'>nominibus.</span> <span class='ocrx_word' id='word_1_358' title='bbox 2900 3869 2969 3917; x_wconf 72' lang='lat' dir='ltr'>lle</span> <span class='ocrx_word' id='word_1_359' title='bbox 3008 3868 3223 3917; x_wconf 88' lang='lat' dir='ltr'>nomini-</span> 
     </span>
     <span class='ocr_line' id='line_1_32' title="bbox 634 3935 3221 4002; baseline 0 -18"><span class='ocrx_word' id='word_1_360' title='bbox 634 3938 729 3986; x_wconf 86' lang='lat' dir='ltr'>bus</span> <span class='ocrx_word' id='word_1_361' title='bbox 762 3937 1136 4002; x_wconf 82' lang='lat' dir='ltr'>interrogatinis</span> <span class='ocrx_word' id='word_1_362' title='bbox 1165 3937 1275 3986; x_wconf 84' lang='lat' dir='ltr'>siue</span> <span class='ocrx_word' id='word_1_363' title='bbox 1324 3935 1534 3986; x_wconf 76' lang='lat' dir='ltr'>infinitis</span> <span class='ocrx_word' id='word_1_364' title='bbox 1573 3943 1621 3985; x_wconf 86' lang='lat' dir='ltr'>et</span> <span class='ocrx_word' id='word_1_365' title='bbox 1654 3935 1880 3986; x_wconf 88' lang='lat' dir='ltr'>relatiuis</span> <span class='ocrx_word' id='word_1_366' title='bbox 1917 3950 2007 3985; x_wconf 82' lang='lat' dir='ltr'>seu</span> <span class='ocrx_word' id='word_1_367' title='bbox 2045 3937 2311 3987; x_wconf 79' lang='lat' dir='ltr'>redditiuis</span> <span class='ocrx_word' id='word_1_368' title='bbox 2348 3936 2439 3985; x_wconf 88' lang='lat' dir='ltr'>sed</span> <span class='ocrx_word' id='word_1_369' title='bbox 2473 3939 2687 4001; x_wconf 82' lang='lat' dir='ltr'>primum</span> <span class='ocrx_word' id='word_1_370' title='bbox 2726 3939 2788 3987; x_wconf 81' lang='lat' dir='ltr'>(le</span> <span class='ocrx_word' id='word_1_371' title='bbox 2827 3940 2934 3999; x_wconf 83' lang='lat' dir='ltr'>qui.</span> <span class='ocrx_word' id='word_1_372' title='bbox 2998 3938 3070 3987; x_wconf 91' lang='lat' dir='ltr'>De</span> <span class='ocrx_word' id='word_1_373' title='bbox 3107 3938 3221 3986; x_wconf 88' lang='lat' dir='ltr'>aliis</span> 
     </span>
     <span class='ocr_line' id='line_1_33' title="bbox 633 4005 3221 4073; baseline -0 -18"><span class='ocrx_word' id='word_1_374' title='bbox 633 4007 1027 4073; x_wconf 81' lang='lat' dir='ltr'>interrogatiuis.</span> <span class='ocrx_word' id='word_1_375' title='bbox 1083 4005 1156 4054; x_wconf 88' lang='lat' dir='ltr'>Dc</span> <span class='ocrx_word' id='word_1_376' title='bbox 1196 4007 1309 4068; x_wconf 87' lang='lat' dir='ltr'>quis</span> <span class='ocrx_word' id='word_1_377' title='bbox 1355 4006 1623 4055; x_wconf 88' lang='lat' dir='ltr'>coniuncto</span> <span class='ocrx_word' id='word_1_378' title='bbox 1667 4007 1872 4071; x_wconf 87' lang='lat' dir='ltr'>proprio</span> <span class='ocrx_word' id='word_1_379' title='bbox 1922 4006 2115 4055; x_wconf 83' lang='lat' dir='ltr'>nomini</span> <span class='ocrx_word' id='word_1_380' title='bbox 2155 4015 2202 4056; x_wconf 89' lang='lat' dir='ltr'>et</span> <span class='ocrx_word' id='word_1_381' title='bbox 2247 4007 2417 4062; x_wconf 81' lang='lat' dir='ltr'>uerbis</span> <span class='ocrx_word' id='word_1_382' title='bbox 2467 4007 2802 4057; x_wconf 86' lang='lat' dir='ltr'>substautiuis</span> <span class='ocrx_word' id='word_1_383' title='bbox 2847 4007 2925 4056; x_wconf 81' lang='lat' dir='ltr'>uel</span> <span class='ocrx_word' id='word_1_384' title='bbox 2972 4008 3221 4057; x_wconf 84' lang='lat' dir='ltr'>nocatinis</span> 
     </span>
     <span class='ocr_line' id='line_1_34' title="bbox 634 4074 3221 4142; baseline -0.001 -16"><span class='ocrx_word' id='word_1_385' title='bbox 634 4092 748 4126; x_wconf 75' lang='lat' dir='ltr'>cnm</span> <span class='ocrx_word' id='word_1_386' title='bbox 786 4077 984 4126; x_wconf 90' lang='lat' dir='ltr'>reddito</span> <span class='ocrx_word' id='word_1_387' title='bbox 1022 4076 1318 4140; x_wconf 83' lang='lat' dir='ltr'>pronomine</span> <span class='ocrx_word' id='word_1_388' title='bbox 1353 4074 1493 4135; x_wconf 58' lang='lat' dir='ltr'>’,aut</span> <span class='ocrx_word' id='word_1_389' title='bbox 1528 4092 1554 4123; x_wconf 84' lang='lat' dir='ltr'>e</span> <span class='ocrx_word' id='word_1_390' title='bbox 1596 4076 1846 4124; x_wconf 85' lang='lat' dir='ltr'>contrario</span> <span class='ocrx_word' id='word_1_391' title='bbox 1884 4077 2151 4126; x_wconf 80' lang='lat' dir='ltr'>coniuncto</span> <span class='ocrx_word' id='word_1_392' title='bbox 2189 4077 2473 4142; x_wconf 87' lang='lat' dir='ltr'>pronomini</span> <span class='ocrx_word' id='word_1_393' title='bbox 2508 4092 2618 4126; x_wconf 88' lang='lat' dir='ltr'>cum</span> <span class='ocrx_word' id='word_1_394' title='bbox 2666 4078 2862 4126; x_wconf 87' lang='lat' dir='ltr'>reddito</span> <span class='ocrx_word' id='word_1_395' title='bbox 2903 4078 3123 4128; x_wconf 87' lang='lat' dir='ltr'>nomine.</span> <span class='ocrx_word' id='word_1_396' title='bbox 3169 4079 3221 4127; x_wconf 79' lang='lat' dir='ltr'>in</span> 
     </span>
     <span class='ocr_line' id='line_1_35' title="bbox 630 4144 3219 4212; baseline 0 -17"><span class='ocrx_word' id='word_1_397' title='bbox 630 4147 726 4206; x_wconf 81' lang='lat' dir='ltr'>fol.</span> <span class='ocrx_word' id='word_1_398' title='bbox 761 4162 871 4196; x_wconf 79' lang='lat' dir='ltr'>vac.</span> <span class='ocrx_word' id='word_1_399' title='bbox 911 4148 1042 4196; x_wconf 79' lang='lat' dir='ltr'>inter</span> <span class='ocrx_word' id='word_1_400' title='bbox 1075 4146 1160 4198; x_wconf 81' lang='lat' dir='ltr'>lib.</span> <span class='ocrx_word' id='word_1_401' title='bbox 1196 4144 1313 4196; x_wconf 82' lang='lat' dir='ltr'>XVI</span> <span class='ocrx_word' id='word_1_402' title='bbox 1351 4153 1402 4195; x_wconf 82' lang='lat' dir='ltr'>et</span> <span class='ocrx_word' id='word_1_403' title='bbox 1439 4144 1579 4194; x_wconf 83' lang='lat' dir='ltr'>Xvn</span> <span class='ocrx_word' id='word_1_404' title='bbox 1613 4161 1672 4193; x_wconf 85' lang='lat' dir='ltr'>m.</span> <span class='ocrx_word' id='word_1_405' title='bbox 1709 4147 1908 4210; x_wconf 80' lang='lat' dir='ltr'>aequal.</span> <span class='ocrx_word' id='word_1_406' title='bbox 1949 4146 1999 4194; x_wconf 81' lang='lat' dir='ltr'>in</span> <span class='ocrx_word' id='word_1_407' title='bbox 2034 4145 2079 4196; x_wconf 79' lang='lat' dir='ltr'><em>G</em></span> <span class='ocrx_word' id='word_1_408' title='bbox 2241 4146 2547 4211; x_wconf 83' lang='lat' dir='ltr'>principium</span> <span class='ocrx_word' id='word_1_409' title='bbox 2587 4155 2635 4195; x_wconf 84' lang='lat' dir='ltr'>et</span> <span class='ocrx_word' id='word_1_410' title='bbox 2672 4148 2921 4212; x_wconf 82' lang='lat' dir='ltr'>sapientia</span> <span class='ocrx_word' id='word_1_411' title='bbox 2953 4154 2999 4195; x_wconf 85' lang='lat' dir='ltr'>et</span> <span class='ocrx_word' id='word_1_412' title='bbox 3034 4161 3219 4196; x_wconf 87' lang='lat' dir='ltr'>munus</span> 
     </span>
     <span class='ocr_line' id='line_1_36' title="bbox 636 4215 1936 4280; baseline 0.001 -17"><span class='ocrx_word' id='word_1_413' title='bbox 636 4216 700 4264; x_wconf 87' lang='lat' dir='ltr'>ad</span> <span class='ocrx_word' id='word_1_414' title='bbox 737 4216 1081 4266; x_wconf 84' lang='lat' dir='ltr'>adiuuandum</span> <span class='ocrx_word' id='word_1_415' title='bbox 1119 4231 1200 4266; x_wconf 87' lang='lat' dir='ltr'>me</span> <span class='ocrx_word' id='word_1_416' title='bbox 1240 4215 1427 4266; x_wconf 75' lang='lat' dir='ltr'>festina</span> <span class='ocrx_word' id='word_1_417' title='bbox 1465 4217 1515 4265; x_wconf 80' lang='lat' dir='ltr'>in</span> <span class='ocrx_word' id='word_1_418' title='bbox 1550 4230 1730 4265; x_wconf 75' lang='lat' dir='ltr'>summo</span> <span class='ocrx_word' id='word_1_419' title='bbox 1757 4215 1851 4280; x_wconf 77' lang='lat' dir='ltr'>sol.</span> <span class='ocrx_word' id='word_1_420' title='bbox 1890 4215 1936 4264; x_wconf 86' lang='lat' dir='ltr'><em>L</em></span> 
     </span>
    </p>
   </div>
   <div class='ocr_carea' id='block_1_13' title="bbox 631 4504 3266 4831">
    <p class='ocr_par' dir='ltr' id='par_1_14' title="bbox 631 4504 3266 4831">
     <span class='ocr_line' id='line_1_37' title="bbox 771 4504 3219 4569; baseline -0.001 -15"><span class='ocrx_word' id='word_1_421' title='bbox 771 4505 1171 4555; x_wconf 78' lang='lat' dir='ltr'>Additameneum</span> <span class='ocrx_word' id='word_1_422' title='bbox 1203 4520 1364 4569; x_wconf 74' lang='lat' dir='ltr'>supra</span> <span class='ocrx_word' id='word_1_423' title='bbox 1397 4508 1446 4556; x_wconf 77' lang='lat' dir='ltr'>in</span> <span class='ocrx_word' id='word_1_424' title='bbox 1483 4505 1580 4556; x_wconf 84' lang='lat' dir='ltr'>RD</span> <span class='ocrx_word' id='word_1_425' title='bbox 1622 4512 1937 4555; x_wconf 75' lang='lat' dir='ltr'>memoratum</span> <span class='ocrx_word' id='word_1_426' title='bbox 1979 4511 2095 4566; x_wconf 72' lang='lat' dir='ltr'>post</span> <span class='ocrx_word' id='word_1_427' title='bbox 2144 4504 2535 4567; x_wconf 69' lang='lat' dir='ltr'>inscriptionem:</span> <span class='ocrx_word' id='word_1_428' title='bbox 2584 4520 2792 4554; x_wconf 72' lang='lat' dir='ltr'>FLAvtvs</span> <span class='ocrx_word' id='word_1_429' title='bbox 2842 4521 3017 4556; x_wconf 68' lang='lat' dir='ltr'>chtvs</span> <span class='ocrx_word' id='word_1_430' title='bbox 3064 4522 3219 4556; x_wconf 80' lang='lat' dir='ltr'>ruso-</span> 
     </span>
     <span class='ocr_line' id='line_1_38' title="bbox 634 4571 3266 4654; baseline 0 -13"><span class='ocrx_word' id='word_1_431' title='bbox 634 4605 814 4643; x_wconf 77' lang='lat' dir='ltr'>noavs.</span> <span class='ocrx_word' id='word_1_432' title='bbox 855 4591 901 4643; x_wconf 75' lang='grc' dir='ltr'>ὅ.</span> <span class='ocrx_word' id='word_1_433' title='bbox 941 4591 988 4644; x_wconf 84' lang='lat'>13.</span> <span class='ocrx_word' id='word_1_434' title='bbox 1028 4607 1344 4642; x_wconf 65' lang='lat' dir='ltr'>annuamus</span> <span class='ocrx_word' id='word_1_435' title='bbox 1392 4606 1537 4642; x_wconf 57' lang='lat' dir='ltr'>sacal</span> <span class='ocrx_word' id='word_1_436' title='bbox 1584 4605 1776 4641; x_wconf 70' lang='lat' dir='ltr'>scanni</span> <span class='ocrx_word' id='word_1_437' title='bbox 1830 4606 2176 4641; x_wconf 72' lang='lat' dir='ltr'>sptsroumvm</span> <span class='ocrx_word' id='word_1_438' title='bbox 2234 4605 2291 4638; x_wconf 76' lang='grc' dir='ltr'>ετ</span> <span class='ocrx_word' id='word_1_439' title='bbox 2341 4606 2558 4640; x_wconf 70' lang='lat' dir='ltr'>Antrroa</span> <span class='ocrx_word' id='word_1_440' title='bbox 2612 4571 2655 4642; x_wconf 71' lang='grc' dir='ltr'>ἆ.</span> <span class='ocrx_word' id='word_1_441' title='bbox 2699 4571 2756 4640; x_wconf 74' lang='grc' dir='ltr'>ιί.</span> <span class='ocrx_word' id='word_1_442' title='bbox 2794 4593 3047 4654; x_wconf 81' lang='lat' dir='ltr'>questoris</span> <span class='ocrx_word' id='word_1_443' title='bbox 3083 4595 3221 4641; x_wconf 68' lang='lat' dir='ltr'>sacri</span> <span class='ocrx_word' id='word_1_444' title='bbox 3248 4629 3266 4649; x_wconf 63' lang='lat'>=</span> 
     </span>
     <span class='ocr_line' id='line_1_39' title="bbox 635 4676 3218 4744; baseline 0 -17"><span class='ocrx_word' id='word_1_445' title='bbox 635 4676 809 4744; x_wconf 86' lang='lat' dir='ltr'>palatii</span> <span class='ocrx_word' id='word_1_446' title='bbox 859 4678 1041 4743; x_wconf 91' lang='lat' dir='ltr'>scripsi</span> <span class='ocrx_word' id='word_1_447' title='bbox 1089 4693 1239 4729; x_wconf 85' lang='lat' dir='ltr'>manu</span> <span class='ocrx_word' id='word_1_448' title='bbox 1288 4695 1397 4728; x_wconf 86' lang='lat' dir='ltr'>mea</span> <span class='ocrx_word' id='word_1_449' title='bbox 1444 4680 1552 4727; x_wconf 66' lang='lat' dir='ltr'>aste</span> <span class='ocrx_word' id='word_1_450' title='bbox 1595 4679 1835 4743; x_wconf 85' lang='lat' dir='ltr'>prisciani</span> <span class='ocrx_word' id='word_1_451' title='bbox 1879 4678 1973 4726; x_wconf 88' lang='lat' dir='ltr'>uiri</span> <span class='ocrx_word' id='word_1_452' title='bbox 2022 4678 2343 4728; x_wconf 62' lang='lat' dir='ltr'>disertissimi</span> <span class='ocrx_word' id='word_1_453' title='bbox 2389 4678 2704 4743; x_wconf 77' lang='lat' dir='ltr'>grammatici</span> <span class='ocrx_word' id='word_1_454' title='bbox 2753 4679 2973 4729; x_wconf 84' lang='lat' dir='ltr'>doctoris</span> <span class='ocrx_word' id='word_1_455' title='bbox 3017 4681 3114 4728; x_wconf 87' lang='lat' dir='ltr'>mei</span> <span class='ocrx_word' id='word_1_456' title='bbox 3167 4681 3218 4728; x_wconf 91' lang='lat' dir='ltr'>in</span> 
     </span>
     <span class='ocr_line' id='line_1_40' title="bbox 631 4745 3216 4831; baseline 0 -15"><span class='ocrx_word' id='word_1_457' title='bbox 631 4765 756 4816; x_wconf 89' lang='lat' dir='ltr'>urbe</span> <span class='ocrx_word' id='word_1_458' title='bbox 798 4776 937 4812; x_wconf 87' lang='lat' dir='ltr'>roma</span> <span class='ocrx_word' id='word_1_459' title='bbox 976 4765 1402 4831; x_wconf 88' lang='lat' dir='ltr'>constantinopoli</span> <span class='ocrx_word' id='word_1_460' title='bbox 1439 4766 1521 4815; x_wconf 87' lang='lat' dir='ltr'>die</span> <span class='ocrx_word' id='word_1_461' title='bbox 1559 4753 1735 4828; x_wconf 82' lang='lat' dir='ltr'>quinto</span> <span class='ocrx_word' id='word_1_462' title='bbox 1775 4763 1853 4814; x_wconf 79' lang='lat' dir='ltr'>kr.</span> <span class='ocrx_word' id='word_1_463' title='bbox 1892 4764 2018 4814; x_wconf 66' lang='lat' dir='ltr'>ma—r.</span> <span class='ocrx_word' id='word_1_464' title='bbox 2052 4745 2316 4814; x_wconf 84' lang='lat' dir='ltr'>mauortio.</span> <span class='ocrx_word' id='word_1_465' title='bbox 2354 4764 2434 4814; x_wconf 76' lang='grc' dir='ltr'>ιιό.</span> <span class='ocrx_word' id='word_1_466' title='bbox 2473 4754 2573 4830; x_wconf 75' lang='lat' dir='ltr'>pp&#39;;</span> <span class='ocrx_word' id='word_1_467' title='bbox 2619 4763 2824 4814; x_wconf 73' lang='lat' dir='ltr'>exhibet</span> <span class='ocrx_word' id='word_1_468' title='bbox 2856 4766 3001 4815; x_wconf 76' lang='lat' dir='ltr'>eciam</span> <span class='ocrx_word' id='word_1_469' title='bbox 3036 4769 3216 4816; x_wconf 75' lang='lat' dir='ltr'>Darni-</span> 
     </span>
    </p>
   </div>
   <div class='ocr_carea' id='block_1_14' title="bbox 630 4850 3098 4930">
    <p class='ocr_par' dir='ltr' id='par_1_15' title="bbox 630 4850 3098 4930">
     <span class='ocr_line' id='line_1_41' title="bbox 630 4850 3098 4930; baseline 0 -29"><span class='ocrx_word' id='word_1_470' title='bbox 630 4850 811 4902; x_wconf 73' lang='lat' dir='ltr'>stad.¹.</span> <span class='ocrx_word' id='word_1_471' title='bbox 850 4865 920 4900; x_wconf 75' lang='lat' dir='ltr'>ex</span> <span class='ocrx_word' id='word_1_472' title='bbox 954 4850 1051 4901; x_wconf 85' lang='lat' dir='ltr'>RD</span> <span class='ocrx_word' id='word_1_473' title='bbox 1087 4851 1354 4914; x_wconf 60' lang='lat' dir='ltr'>Damnem,</span> <span class='ocrx_word' id='word_1_474' title='bbox 1390 4866 1530 4916; x_wconf 79' lang='lat' dir='ltr'>quem</span> <span class='ocrx_word' id='word_1_475' title='bbox 1559 4852 1608 4903; x_wconf 86' lang='grc' dir='ltr'>Ιι.</span> <span class='ocrx_word' id='word_1_476' title='bbox 1648 4854 1683 4904; x_wconf 88' lang='lat' dir='ltr'>l.</span> <span class='ocrx_word' id='word_1_477' title='bbox 1724 4852 1762 4902; x_wconf 91' lang='lat' dir='ltr'><em>I</em></span> <span class='ocrx_word' id='word_1_478' title='bbox 1790 4853 2015 4918; x_wconf 65' lang='grc' dir='ltr'><em>εἰρηαυί,</em></span> <span class='ocrx_word' id='word_1_479' title='bbox 2050 4850 2143 4903; x_wconf 73' lang='lat' dir='ltr'>hoc</span> <span class='ocrx_word' id='word_1_480' title='bbox 2174 4851 2560 4930; x_wconf 63' lang='lat' dir='ltr'>additamentum</span> <span class='ocrx_word' id='word_1_481' title='bbox 2596 4853 2667 4901; x_wconf 79' lang='lat' dir='ltr'>ita</span> <span class='ocrx_word' id='word_1_482' title='bbox 2702 4851 2958 4916; x_wconf 62' lang='lat' dir='ltr'>legendum</span> <span class='ocrx_word' id='word_1_483' title='bbox 2990 4860 3098 4903; x_wconf 78' lang='lat' dir='ltr'>est:</span> 
     </span>
    </p>
   </div>
  </div>
 </body>
</html>
