3576 5595
588 383 712 444 502
1695 380 2070 441 PulsclANt

692 511 736 551 p.
766 498 880 538 nas.
909 497 959 538 aa
989 496 1034 537 p,
2748 508 2790 546 ρ.
2820 496 2910 536 au.
2940 496 2991 536 «η
3021 496 3074 536 κ.

588 569 701 629 hoc
747 566 1115 649 pronomen?
1168 566 1337 644 Quogl
1377 566 1795 627 nominativum
1837 564 2118 645 pluralem
2150 566 2455 627 masculini
2489 576 2606 626 tam
2639 566 2697 626 in
2737 567 2789 627 ei
2820 567 2958 626 sarit
3003 584 3177 643 quam

591 671 648 731 iu
702 671 740 730 ii
789 679 849 729 et
892 669 1144 728 dativum
1189 679 1246 728 et
1301 667 1611 728 ablativum
1658 676 1774 729 tam
1822 668 1879 727 iu
1924 668 2008 728 eis
2052 685 2224 744 quam
2270 668 2327 728 iu
2369 667 2471 740 iis,
2522 676 2579 727 et
2621 668 2889 744 quamvis
2929 669 2946 728 i
2990 667 3181 747 dupli-

593 781 795 843 cetur,
841 791 947 850 pro
995 789 1107 831 una
1147 770 1431 848 accipitur
1476 770 1691 848 syllaba
1740 771 1798 830 iu
1846 771 2078 842 metris,
2117 769 2411 846 quomodo
2455 769 2532 829 dii
2578 777 2636 828 et
2680 768 2791 830 diis
2834 790 2942 849 pro
2985 770 3078 830 dei
3123 779 3181 829 et

593 873 737 933 deis.
831 872 943 931 Fac
989 871 1061 931 ab
1097 891 1167 930 eo
1217 871 1372 948 quod
1421 881 1505 931 est
1544 873 1593 931 is
1638 872 2049 950 compositum.
2134 873 2292 932 hiem
2339 870 2618 930 eiusdem.
2706 871 2779 930 Et
2818 871 2956 950 quid
3003 871 3180 931 inter-

594 983 680 1034 est
727 975 881 1033 inter
924 971 1312 1032 masculinum
1361 981 1418 1032 et
1458 972 1772 1033 neutrum?
1839 973 2007 1043 Quod
2052 972 2439 1033 masculinum
2487 973 2861 1052 producitur,
2908 981 3176 1033 neutrum
3221 994 3246 1030 ε,

593 1096 729 1136 vero
777 1075 1107 1153 corripitur.

469 1191 561 1240 178
766 1176 1073 1237 Diversa
1134 1193 1284 1252 quae
1347 1195 1498 1254 pars,
1542 1174 1823 1235 orationis
1878 1174 2010 1236 est?
2094 1176 2337 1236 Nomen.
2428 1174 2654 1245 Quale?
2738 1176 3178 1255 Appellativum.

598 1279 776 1339 Cuius
824 1274 1518 1366 speciei?·[)erivativae.
1610 1276 1767 1336 Vnde
1814 1276 2146 1338 derivatur?
2210 1281 2256 1337 A
2297 1285 2492 1337 vertor
2539 1277 2713 1336 verbo
2758 1297 2963 1337 versus
2993 1274 3019 1359 ΙΙ
3052 1295 3183 1356 par-

596 1380 891 1459 ticipium,
937 1387 994 1438 et
1038 1399 1068 1438 a
1115 1377 1420 1457 participio
1485 1381 1700 1438 sactum
1755 1389 1845 1438 est
1908 1398 2119 1438 nomen
2180 1379 2568 1459 compositum
2635 1379 2899 1439 diversus
2953 1378 3181 1438 diversa

595 1481 907 1542 diversum.
997 1480 1231 1556 generis
1274 1480 1366 1540 hic
1406 1479 1695 1552 seminini,
1742 1481 1969 1540 numeri
2013 1478 2359 1556 singularis,
2398 1481 2631 1557 quando
2670 1480 3008 1540 femininum
3056 1489 3178 1553 est;
3208 1495 3259 1533 ιο

598 1582 831 1661 quando
874 1601 1008 1642 vero
1054 1593 1358 1654 neutrum,
1411 1581 1667 1659 pluralis,
1750 1592 1808 1641 et
1867 1582 2218 1653 notandum,
2288 1582 2443 1659 quod
2497 1582 2691 1642 omnia
2752 1580 2987 1641 mobilia
3047 1581 3105 1640 iu
3149 1599 3185 1639 a

596 1685 865 1745 facientia
922 1683 1263 1744 femininum
1318 1691 1375 1742 et
1426 1683 1660 1743 nomina
1716 1690 1773 1742 et
1833 1683 2175 1762 pronomina
2235 1692 2289 1742 et
2350 1683 2651 1762 participia
2720 1683 2909 1743 simile
2965 1681 3187 1742 habeut.

596 1786 937 1846 femininum
977 1785 1271 1862 singulare
1302 1793 1360 1844 et
1396 1793 1668 1845 neutrum
1719 1783 1975 1862 plurale,
2019 1794 2081 1845 ut
2123 1785 2349 1864 primus
2390 1784 2575 1864 prima
2617 1785 2897 1864 primum,
2937 1783 3187 1863 pulcher

595 1888 839 1968 pulchra
886 1887 1229 1967 pulchrum,
1266 1887 1518 1964 armiger
1550 1886 1833 1962 armigera
1875 1886 2260 1964 armigerum,
2306 1894 2471 1947 satur
2507 1895 2702 1968 satura
2749 1894 3044 1957 saturum,
3084 1885 3185 1945 ille

599 1990 693 2050 illa
753 1988 924 2061 illud,
984 1989 1094 2048 iste
1153 1989 1262 2048 ista
1317 1988 1504 2060 istud,
1560 1987 1609 2047 is
1664 2007 1728 2047 ea
1786 1988 1875 2060 id,
1934 1988 2029 2047 hie
2075 1989 2220 2048 llaec
2272 1988 2415 2048 hoc:
2462 1989 2606 2048 haec
2650 1997 2708 2048 et
2752 1986 3049 2064 singulare
3093 1995 3185 2047 est
3212 2000 3263 2040 15

597 2091 943 2151 femininum
989 2099 1045 2149 et
1081 2089 1306 2168 plurale
1352 2098 1641 2149 neutrum.
1729 2108 1839 2148 uec
1886 2109 2000 2149 non
2051 2090 2224 2149 etiam
2271 2091 2403 2167 quis
2442 2108 2591 2168 quae
2630 2090 2825 2168 quod:
2870 2107 3020 2167 quae
3066 2096 3187 2148 tam

596 2193 891 2270 singulare
938 2200 1027 2251 est
1068 2192 1414 2251 femininum
1467 2208 1640 2268 quam
1687 2190 1910 2269 plurale
1956 2202 2245 2252 neutrum.
2332 2191 2634 2271 participia
2678 2209 2914 2268 quoque
2962 2199 3190 2252 amatu-

462 2306 563 2356 179
598 2314 701 2355 rus
760 2301 1020 2353 amatura
1076 2299 1432 2366 amaturum,
1489 2301 1718 2352 amatus
1762 2302 1950 2352 amata
1997 2300 2270 2352 amatum.
2349 2294 2529 2354 Cuius
2575 2303 2665 2353 est
2707 2291 2975 2354 numeri?
3053 2293 3188 2353 Sin-

595 2394 844 2472 gularis,
884 2397 1015 2470 quia
1056 2392 1395 2452 femininum
1442 2403 1531 2453 est
1578 2395 1634 2453 in
1682 2395 1795 2454 lioc
1841 2414 2043 2468 versu;
2081 2397 2298 2471 figurae
2344 2395 2722 2473 compositae.
2801 2395 2887 2454 Ex
2930 2394 3186 2472 quibus?

596 2496 680 2555 Ex
723 2496 954 2555 duobus
1002 2495 1274 2569 integriS‚
1319 2494 1375 2553 id
1424 2503 1515 2554 est
1555 2513 1622 2554 ex
1668 2495 1723 2555 di
1774 2493 2255 2577 praeposiltione‚
2304 2514 2452 2573 quae
2497 2497 2810 2576 separatim
2858 2515 2975 2556 nou
3020 2497 3183 2557 inve·
3202 2511 3259 2552 20

595 2598 755 2657 nitur
810 2615 916 2675 per
970 2615 1068 2668 se,
1130 2604 1188 2655 et
1238 2615 1420 2655 versa.
1498 2604 1634 2655 sunt
1694 2605 1887 2658 autem
1929 2597 2363 2676 inseparabiles
2419 2597 2912 2678 praepositione5‚
2980 2598 3034 2657 id
3093 2612 3187 2658 est

592 2718 742 2778 quae
797 2717 1010 2778 perse
1067 2705 1367 2776 separatae
1432 2716 1748 2776 numquam
1801 2708 2053 2778 possunt
2099 2699 2374 2772 inveniri,
2428 2700 2573 2773 hae,
2627 2699 2682 2759 di
2728 2700 2818 2759 dis
2863 2719 2924 2760 re
2977 2719 3041 2760 se
3087 2719 3182 2760 am

592 2822 736 2876 con3
794 2820 940 2879 quas
990 2810 1183 2860 tannen
1243 2800 1710 2879 praepositiones
1765 2802 1899 2861 ideo
1954 2801 2234 2873 ‹licimuS‚
2294 2802 2448 2879 quod
2493 2802 2895 2881 interpretatio
2948 2821 3183 2880 quoque

592 2922 788 2985 earum
844 2903 1000 2981 apud
1047 2903 1302 2963 Graecos
1356 2903 1822 2981 praepositiones
1880 2922 2004 2981 eas„
2048 2902 2303 2963 ostendit
2361 2913 2419 2962 et
2469 2903 2925 2982 praepositivum
2987 2903 3179 2963 locum

591 3004 700 3065 sibi
746 3023 980 3082 semper
1024 3004 1084 3064 in
1133 3003 1557 3082 compositione
1604 3003 1942 3065 defendunt.
2026 3005 2293 3064 diversus
2338 3000 2531 3064 tamen
2577 3005 2730 3084 apud
2778 3005 3017 3065 Latinos
3064 3007 3177 3065 sre-
3199 3023 3253 3063 25

592 3114 837 3183 quenter
883 3125 998 3165 non
1047 3106 1235 3167 solum
1280 3124 1387 3185 pro
1432 3106 1622 3166 varius
1668 3106 1770 3167 sed
1816 3106 1989 3167 etiam
2034 3124 2141 3185 pro
2177 3116 2484 3185 separatus
2527 3106 2813 3185 accipitur
2858 3116 2915 3167 et
2956 3108 3181 3170 discre-

593 3216 716 3280 ωε,
764 3228 831 3267 ex
880 3226 996 3285 quo
1042 3208 1216 3267 etiam
1263 3208 1556 3269 derivatur
1594 3208 1917 3268 diversitas.

452 3321 553 3372 180
761 3310 1067 3369 Penitus
1124 3328 1274 3387 quae
1333 3328 1470 3389 pars
1525 3310 1806 3371 orationis
1850 3308 1982 3369 est?
2064 3310 2429 3371 Adverbium.
2510 3309 2690 3371 Cuius
2737 3310 3180 3388 significationis

590 3409 719 3471 est?
796 3411 901 3471 llic
947 3409 1180 3483 localiS‚
1225 3411 1367 3471 alias
1413 3411 1738 3487 qualitatis:
1786 3410 2077 3489 siguificat
2122 3411 2274 3472 enim
2322 3429 2568 3492 prorsus
2612 3411 2699 3471 vel
2743 3411 2944 3472 intima
2992 3420 3175 3492 parte,

590 3521 652 3572 ut
697 3512 1057 3590 Virgilius
1102 3512 1159 3571 in
1206 3512 1373 3572 tertio
1419 3512 1788 3572 Aeneidos
1984 3538 1993 3549 ‘
3194 3522 3249 3563 ao

891 3631 1250 3707 insequor
1294 3639 1363 3690 et
1404 3648 1669 3690 causas
1707 3630 2010 3708 penitus
2057 3638 2419 3709 temptare
2457 3631 2789 3692 latentis.

589 3749 673 3830 [et
721 3749 817 3809 hie
878 3757 1068 3808 tamen
1117 3747 1363 3808 similem
1411 3747 1586 3807 habet
1633 3748 2114 3825 significationem
2158 3750 2422 3828 penitus,
2477 3751 2531 3811 id
2576 3759 2667 3811 est
2710 3750 2766 3809 in
2812 3750 3175 3829 penitissima

584 3861 780 3931 parte,
826 3850 938 3909 hoc
992 3857 1082 3910 est
1134 3850 1194 3909 in
1241 3848 1473 3921 intima,
1523 3848 1738 3908 ltaliae.
1827 3850 2047 3926 antiqui
2097 3851 2248 3911 enim
2285 3859 2343 3910 et
2378 3851 2631 3930 penitior
2675 3860 2729 3911 et
2773 3852 3175 3931 penitissimus

583 3954 656 4012 ab
690 3972 758 4012 eo
807 3950 1074 4011 solebant
1119 3951 1344 4022 dicere,
1391 3949 1544 4011 velut
1583 3950 1824 4011 ulterior
1856 3950 2144 4030 ultimus]
2227 3953 2406 4013 Cuius
2451 3961 2541 4013 est
2586 3951 2854 4031 speciei?
2926 3952 3176 4012 Primiti-

588 4073 719 4113 vae:
779 4072 847 4112 ex
904 4073 972 4113 eo
1031 4052 1184 4112 enim
1250 4070 1462 4112 nomen
1520 4052 1775 4131 penitior
1834 4062 1892 4111 et
1947 4052 2349 4131 penitissimus
2406 4054 2666 4113 nascitur
2722 4063 2780 4114 et
2832 4053 3244 4113 adverbium&

586 4151 1098 4235 comlfliaratii·un1
1169 4153 1455 4233 penitius»,
1536 4153 1954 4232 superlativum
2030 4155 2414 4233 penitissime.
2513 4156 2692 4216 Cuius
2758 4164 2848 4215 est
2912 4151 3174 4233 figurae?

586 4255 901 4335 Simplicis.

723 4506 756 4555 3
789 4510 1043 4569 quomodo
1084 4509 1153 4558 dii
1190 4516 1239 4557 et
1274 4509 1376 4559 diis
1416 4524 1507 4573 pro
1543 4508 1624 4557 dci
1658 4518 1706 4558 et
1738 4510 1849 4559 deis
1886 4527 1913 4559 ,ς
1949 4509 2201 4573 quomodo
2240 4510 2291 4559 di
2321 4519 2370 4559 et
2401 4510 2481 4560 dis
2518 4526 2610 4576 pro
2642 4512 2722 4560 dei
2755 4521 2803 4562 et
2839 4513 2948 4562 deis
2984 4514 3068 4563 SG
3103 4514 3173 4562 dii

583 4586 632 4625 et
666 4577 767 4623 diis
796 4579 1048 4637 quomodo
1087 4580 1156 4627 dii
1194 4588 1240 4627 et
1277 4578 1377 4627 ‹liis
1416 4593 1506 4644 pro
1549 4578 1630 4627 ‹lei
1668 4589 1716 4627 ct
1753 4580 1864 4630 deis
1905 4580 2073 4640 0:0st
2114 4579 2366 4629 Priscian.
2407 4596 2460 4642 p.
2491 4582 2591 4631 737
2740 4583 2799 4632 12
2833 4583 3051 4632 similem
3083 4582 3173 4630 ha·

585 4646 707 4691 bont
745 4644 1038 4695 femininum
1076 4649 1384 4711 singularem
1425 4657 1472 4696 et
1508 4658 1739 4697 neutrum
1775 4649 2020 4713 pluralem
2048 4647 2175 4699 CGS
2282 4651 2349 4699 25
2383 4649 2663 4699 defendunt
2689 4689 2702 4702 .
2731 4651 2810 4700 sac
2847 4652 3173 4701 diriuatiuum

586 4713 648 4758 ab
678 4725 738 4757 eo
772 4712 903 4769 quod
943 4723 1018 4762 est
1054 4716 1289 4763 diuersus
1330 4727 1494 4765 tamen
1526 4720 1714 4775 (tamen
1747 4736 1838 4766 om.
1865 4721 1907 4769 G
1933 4720 2169 4768 diuersus
2206 4718 2443 4767 diuersus
2481 4730 2646 4769 tamen
2676 4721 2740 4784 C)
2775 4722 2910 4787 apud
2947 4722 3073 4772 (lo-S

586 4780 655 4829 30
694 4785 749 4823 ut
779 4777 1008 4841 uirgilius
1041 4786 1096 4831 in
1128 4786 1272 4832 tertio
1299 4786 1541 4834 aeneidos
1579 4788 1822 4849 insequor
1857 4798 1908 4836 ut
1936 4798 1983 4837 et
2019 4802 2199 4836 causas
2233 4789 2274 4837 C
2310 4797 2362 4837 ut
2393 4790 2631 4854 uir-gilius
2666 4791 2714 4837 in
2750 4792 2898 4839 tertio
2933 4791 3173 4840 aeneidos

586 4856 774 4893 causas
805 4844 844 4889 S
878 4859 929 4895 ut
967 4860 1014 4898 et
1050 4868 1231 4901 causas
1264 4854 1341 4903 G:
1374 4857 1531 4919 Vero.
1571 4855 1703 4904 Aen.
1737 4855 1797 4904 tlt
1832 4856 1899 4905 32
2041 4857 2101 4907 31
2153 4857 2353 4908 latentis
2388 4857 2431 4907 S
2464 4859 2681 4907 latentes
2713 4859 2797 4908 CG
