3576 5595
604 398 686 459 20
796 452 801 455 .
1602 391 1800 452 Plus(
1801 389 1971 452 :1AN1
2019 390 2204 451 INST.

710 526 759 567 ρ.
785 514 871 554 970.
901 514 943 553 τι
978 511 1027 553 r.
2778 520 2819 557 p.
2851 508 2938 547 576.
2971 508 3021 546 77
3055 508 3111 547 κ.

609 587 790 663 iungit
837 584 923 643 vel
971 580 1252 642 discernit
1295 588 1492 659 partes
1531 578 1812 640 orationis
1867 578 2020 639 inter
2067 597 2162 650 se,
2229 577 2330 637 sed
2376 578 2462 637 vis
2508 577 2694 656 ipsius
2739 578 3226 655 significationis.

608 707 740 748 nam
787 696 842 747 et
876 684 1219 765 pronomina
1267 683 1447 742 multa
1493 681 1939 741 declinationem
1984 680 2286 740 nominum
2321 687 2680 756 sequuntur,
2730 688 2792 739 ut
2822 679 3018 739 omnia
3055 679 3224 739 deri-

609 790 821 850 vativa:
870 790 1063 847 ‘meus
1110 794 1243 846 tuus
1288 802 1460 856 suus,
1508 791 1711 844 noster
1755 791 1978 857 vester,
2027 790 2259 842 nostras
2299 784 2567 854 testras',
2617 791 2672 841 et
2717 800 2923 841 rursus
2969 780 3219 841 nomina

608 889 1055 950 declinationem
1115 887 1560 966 pronominum,
1623 893 1683 945 ut
1742 889 1921 944 ‘unus
1969 884 2143 944 unius
2201 884 2329 956 uni,
2386 882 2549 943 solus
2604 883 2790 944 solius
2851 882 2991 956 soli,
3046 891 3218 943 totus

604 990 786 1053 totius
830 990 967 1061 toti,
1010 987 1164 1048 ullus
1211 987 1384 1048 ullius
1430 986 1563 1060 ulli,
1605 987 1801 1047 nullus
1847 985 2061 1046 nullius
2108 984 2269 1058 nulli,
2320 985 2467 1045 alius
2512 985 2663 1045 alius
2705 985 2846 1057 alii’,
2891 985 3058 1045 cuius
3104 1003 3214 1062 ge-
3283 1008 3314 1045 s

608 1094 866 1164 netivus,
929 1090 1063 1168 quia
1131 1108 1238 1168 par
1288 1097 1377 1149 est
1424 1087 1660 1165 syllabis
1715 1088 2101 1160 nominativo,
2163 1087 2432 1166 producit
2476 1086 2727 1166 semiper
2766 1087 3212 1167 paenultimam,

608 1213 742 1255 cum
774 1192 1060 1252 ‘alterius’
1093 1199 1315 1263 contra,
1360 1190 1492 1268 quia
1530 1188 1758 1250 duabus
1793 1187 1968 1249 vincit
2004 1187 2237 1267 syllabis
2276 1189 2690 1250 nominativum
2731 1209 2920 1262 suum,
2971 1208 3212 1267 semper

508 1308 577 1358 30
612 1294 852 1373 corripit
896 1292 1343 1372 paenultimam,
1387 1291 1557 1352 ‘alter
1600 1290 1842 1351 alterius
1882 1289 2090 1351 alteri'.
2175 1292 2353 1350 ‘uter'
2401 1310 2536 1351 vero
2580 1292 2802 1352 ‘utrius
2821 1295 2860 1364 ⁹,
2908 1290 3044 1368 quia
3087 1309 3201 1351 una

508 2214 567 2264 31

609 1404 847 1476 superat
889 1393 1137 1473 syllaba,
1194 1394 1328 1455 licet
1372 1394 1429 1453 in
1472 1392 1675 1454 metris
1722 1400 1779 1451 et
1832 1392 2159 1471 producere
2204 1400 2261 1452 et
2314 1393 2640 1473 corripere,
2697 1401 2754 1452 et
2812 1411 2961 1472 quae
3004 1413 3072 1453 ex
3118 1392 3204 1451 eis

609 1504 1073 1578 componuntur;
1144 1496 1408 1573 quamvis
1480 1496 1624 1555 baec
1692 1512 1928 1572 quoque
1984 1495 2218 1572 quidam
2285 1496 2488 1555 eodem
2553 1513 2751 1554 errore
2795 1493 3202 1555 declinationis
3242 1516 3302 1555 ιο

608 1600 827 1660 inducti
871 1596 1216 1679 pronomina
1257 1617 1389 1657 esse
1437 1605 1801 1675 putaverunt.
1893 1615 2027 1656 cum
2072 1595 2224 1656 enim
2265 1597 2458 1658 omnia
2503 1598 2650 1657 baec
2708 1597 2780 1657 ad
2829 1604 3053 1656 certum
3095 1614 3205 1655 nu-

607 1719 830 1763 merum
878 1700 965 1758 vel
1012 1697 1390 1777 quantitatem
1437 1699 1798 1770 reseruntur,
1846 1698 2139 1776 quomodo
2197 1700 2423 1778 possint
2467 1720 2598 1760 esse
2643 1698 3006 1780 pronomina,
3054 1716 3205 1775 quae

609 1811 667 1861 et
711 1802 904 1863 omnia
951 1799 1227 1877 qualitate
1267 1800 1353 1859 vel
1402 1800 1722 1876 quantitate
1768 1811 1971 1860 carent
2015 1810 2070 1860 et.
2117 1801 2244 1861 loco
2289 1802 2692 1880 propriorum,
2741 1819 2888 1879 quae
2932 1808 3069 1860 sunt
3115 1799 3207 1858 in-

608 1902 873 1975 dividua,
918 1902 1031 1961 boc
1078 1912 1168 1961 est
1212 1901 1351 1961 nihil
1385 1919 1695 1961 commune
1741 1900 1825 1960 rel
1879 1902 2148 1979 generale
2180 1903 2482 1976 habentia,
2524 1901 2709 1982 accipi
2750 1900 2979 1963 solent?
3025 1919 3206 1980 supra

608 2004 762 2064 dicta
806 2004 983 2081 igitur
1026 2021 1157 2062 cum
1203 2002 1533 2079 generalem
1598 2003 1983 2063 substantiam
2040 2003 2126 2062 vel
2188 2004 2570 2082 quantitatem
2625 2004 2954 2081 significent
3012 2020 3206 2080 neque
3239 2027 3295 2064 ιε»

608 2106 738 2166 loco
778 2105 1150 2185 propriorum
1199 2105 1493 2165 finitorum
1539 2104 1917 2183 accipiantur,
1964 2106 2090 2164 sine
2139 2105 2315 2165 dubio
2358 2106 2592 2166 nomina
2646 2114 2782 2166 sunt
2826 2103 3207 2185 appellativa;

611 2189 878 2269 similiter
917 2207 1045 2280 illa,
1092 2226 1241 2286 quae
1287 2206 1568 2266 infinitam
1626 2205 1961 2283 qualitatem
2020 2208 2379 2284 significant:
2453 2207 2709 2286 ‘qualis,
2778 2206 2909 2268 talis
2930 2211 2967 2265 '.
3057 2225 3206 2285 quo·

608 2309 782 2370 modo
836 2309 991 2369 enim
1049 2309 1270 2368 infinita
1328 2307 1414 2365 vel
1481 2307 1889 2383 interrogativa
1949 2328 2054 2387 pro
2115 2309 2450 2369 nominibus
2511 2310 2873 2389 accipiantur
2926 2307 3203 2388 propriiS,

607 2431 759 2490 quae
807 2410 1232 2489 ignorationem
1284 2409 1471 2488 ipsius
1516 2409 1784 2488 propriae
1834 2410 2004 2469 unius
2054 2410 2336 2486 cuiusque
2378 2410 2740 2471 substantiae
2777 2409 2865 2469 vel
2912 2408 3205 2487 qualitatis

607 2513 695 2573 rel
741 2510 1114 2591 quantilltatis
1160 2509 1532 2587 significant?
2147 2547 2151 2550 <
3231 2532 3287 2572 ευ

778 2614 1225 2689 ‘Quis’qunque
1258 2612 1519 2691 quamvis
1547 2604 1942 2673 substantiam
1960 2612 2088 2673 sine
2118 2612 2312 2690 aliqua
2340 2623 2496 2674 certa
2524 2614 2800 2691 qualitate
2821 2614 3203 2681 ‹lennenstret‚

610 2716 721 2775 boc
780 2724 973 2774 tamen
1033 2714 1278 2773 interest
1331 2714 1483 2773 inter
1540 2714 1928 2775 substantiam
1988 2714 2178 2788 illam,
2242 2733 2413 2792 quam
2468 2716 2813 2795 pronomina
2851 2714 3202 2791 significant,

608 2817 767 2894 quod
811 2815 904 2876 illa
951 2836 1057 2896 pro
1104 2814 1341 2895 speciali
1387 2825 1444 2875 et
1483 2816 1716 2895 propria
1743 2816 1918 2877 unius
1950 2817 2234 2894 cuiusque
2262 2818 2627 2898 accipiuntur
2665 2817 3007 2888 substantia,
3055 2834 3206 2893 quae

610 2919 1109 2979 demonstratione
1156 2918 1550 2996 praesentium
1599 2917 1685 2977 vel
1734 2916 2016 2978 relatione
2059 2919 2387 2981 absentium
2418 2938 2802 3000 personarum
2829 2917 3204 2994 intellegitur,

610 3021 723 3079 hoc
769 3028 962 3079 autem
1006 3018 1338 3095 generalem
1390 3027 1447 3077 et
1490 3018 1771 3080 infinitam
1819 3019 2240 3093 substantiam,
2303 3040 2452 3099 quae
2498 3021 2751 3100 pertinet
2792 3020 2863 3080 ad
2909 3019 3206 3079 universa·
3234 3040 3285 3079 τε»

608 3138 738 3180 rum
785 3137 979 3180 rerum
1028 3139 1239 3197 genera
1284 3129 1341 3180 et
1381 3120 1610 3199 species
1657 3130 1712 3181 et
1767 3129 1995 3201 partes,
2060 3123 2438 3184 demonstrat.
2529 3123 2821 3201 quomodo
2879 3121 3055 3199 igitur
3096 3139 3206 3180 nu·

609 3241 803 3282 meros
851 3232 909 3279 et
949 3223 1302 3298 quantitates
1344 3222 1493 3282 inter
1542 3223 1771 3302 species
1817 3224 2110 3302 qualitatis
2157 3225 2455 3284 nominum
2503 3224 2854 3305 accipimuS,
2908 3224 2992 3283 sic
3029 3222 3200 3282 etiam

609 3324 893 3384 intinitam
939 3331 997 3382 et
1041 3322 1370 3400 generalem
1416 3325 1834 3398 substantiam,
1882 3343 2030 3402 qnae
2071 3334 2161 3384 est
2200 3325 2258 3385 in
2296 3326 2409 3385 boc
2443 3327 2707 3399 nomine,
2759 3327 2869 3386 boc
2899 3334 2990 3384 est
3024 3325 3204 3403 ‘quis’

609 3424 698 3482 vel
754 3424 920 3501 ‘qni'
982 3434 1039 3484 et
1094 3443 1243 3503 quae
1296 3443 1363 3483 ex
1422 3444 1490 3484 eo
1550 3434 2015 3505 componuntur,
2071 3426 2130 3486 in
2186 3427 2300 3487 hoc
2351 3448 2483 3488 esse
2539 3426 2787 3488 dicimus
2845 3427 3202 3505 qualitatem.

608 3524 782 3585 babet
824 3525 996 3600 igitur
1040 3526 1209 3585 etiam
1259 3526 1627 3601 qualitatem,
1672 3543 1846 3602 quam
1893 3527 2183 3588 desiderat
2229 3549 2458 3590 nomen.
3233 3543 3284 3583 ³⁰

776 3630 842 3686 Vt
886 3627 1140 3686 breviter
1193 3625 1368 3702 igitur
1409 3634 1593 3686 totum
1641 3625 2017 3704 colligamus,
2068 3632 2412 3708 pronomina
2460 3632 2591 3692 loco
2636 3632 3005 3710 propriorum
3053 3630 3204 3689 acci-

752 3795 777 3841 1
825 3794 1079 3841 orattones
1118 3794 1171 3841 K
1310 3797 1341 3842 2
1389 3794 1456 3841 De
1494 3797 1880 3858 pronominibus
1925 3798 1973 3845 iu
2013 3799 2364 3850 declinatione
2396 3803 2650 3850 nominum
2690 3811 2733 3845 et
2773 3807 2976 3844 econtra
3017 3800 3078 3845 dt·
3119 3814 3206 3846 no-

611 3864 835 3912 minibus
876 3863 922 3910 in
963 3859 1093 3911 decli
1129 3864 1483 3927 pronominum
1515 3865 1670 3913 inser.
1710 3869 1729 3912 1
1869 3877 2107 3918 secuntur
2143 3870 2248 3920 RH
2386 3872 2418 3921 3
2457 3886 2580 3920 suns
2619 3885 2706 3916 om.
2747 3869 2842 3915 m}
2877 3868 2995 3915 add.
3032 3885 3067 3931 y

610 3949 811 3982 rursum
851 3931 999 3981 GLK
1136 3930 1363 3997 nomina]
1389 3949 1425 3996 9
1464 3935 1633 3982 omnia
1673 3937 1715 3982 (ι’
1856 3939 1889 3987 5
1928 3936 2038 4003 alii]
2075 3939 2141 3988 ali
2173 3941 2230 3988 K
2368 3943 2401 3989 ss
2433 3947 2550 4001 post
2583 3938 2970 4001 paenultimam:
3011 3953 3202 3985 cum—-

610 4003 975 4068 paenultimam
1012 4017 1103 4053 om.
1146 4003 1194 4050 D
1230 4002 1352 4051 add.
1393 4004 1430 4051 d
1568 4005 1597 4054 7
1637 4005 1757 4053 uicit
1790 4005 2070 4057 BDGLKr
2207 4011 2241 4056 9
2281 4009 2401 4071 liqet
2433 4009 2486 4060 K
2627 4007 2690 4055 10
2725 4006 2849 4054 baec
2882 4007 3004 4056 add.
3041 4025 3068 4054 r

614 4073 676 4121 12
708 4081 827 4135 post
864 4074 1222 4136 quantitatem:
1272 4072 1926 4138 referuntur—quantitate
1963 4094 2054 4129 om.
2092 4079 2136 4128 R
2169 4080 2292 4128 add.
2334 4095 2363 4124 r
2512 4077 2710 4139 possint
2754 4079 2804 4122 r'u
2851 4093 2942 4138 my.
2989 4077 3112 4127 add.
3153 4077 3209 4125 K

613 4151 820 4206 possent
861 4142 906 4191 B
939 4153 1151 4208 possunt
1192 4144 1237 4190 D
1381 4144 1445 4194 13
1477 4155 1677 4193 careant
1711 4145 1796 4194 Kh
1954 4148 2014 4195 14
2054 4145 2338 4212 commune]
2379 4148 2414 4194 d
2447 4160 2708 4193 commone
2747 4146 2794 4193 Ι)
2934 4143 3117 4209 solent]
3158 4145 3205 4192 B

610 4213 950 4267 soleantrell.
1110 4213 1172 4263 16
1217 4211 1491 4277 apellatiua
1528 4216 1573 4262 Ι)
1729 4214 1791 4264 18
1825 4217 1956 4264 enim
1993 4232 2084 4267 om.
2127 4217 2175 4265 B
2207 4231 2374 4278 spscr.
2415 4214 2470 4262 K
2617 4215 2984 4279 interrogatiua
3020 4216 3100 4264 uel
3132 4217 3204 4262 in-

612 4282 753 4329 tinita
792 4282 895 4332 LK
1032 4280 1368 4346 accipiantur]
1412 4284 1447 4330 d
1477 4285 1867 4348 accipiuntur-I)
2024 4283 2088 4332 19
2126 4285 2483 4335 uniuscuiusce
2518 4283 2565 4331 L
2716 4283 2779 4335 21
2831 4287 2951 4334 ltem
2990 4287 3053 4333 de
3091 4286 3205 4346 quis

609 4351 760 4397 inser.
797 4354 815 4397 I
989 4354 1054 4401 22
1095 4351 1188 4401 hoc
1232 4366 1322 4401 om.
1365 4353 1515 4401 GLK
1679 4364 1844 4402 tamen
1885 4352 2038 4416 (inter
2074 4356 2121 4402 in
2156 4370 2247 4417 my.
2284 4353 2436 4412 add.)
2475 4363 2549 4402 est
2592 4355 2721 4402 inter
2759 4355 2812 4403 K
2981 4355 3118 4403 illam
3158 4365 3206 4401 et

611 4433 762 4479 quam
803 4420 1006 4469 llGLK
1145 4421 1211 4471 23
1243 4421 1600 4471 uniuscuiusce
1641 4423 1688 4471 L
1790 4424 1954 4488 accipi
1993 4423 2090 4471 hoc
2123 4433 2291 4470 autem
2327 4425 2395 4481 I),
2433 4423 2994 4488 untur-intellegitur
3027 4440 3119 4472 om.
3160 4423 3206 4470 D

611 4487 735 4539 add.
775 4489 811 4534 d
948 4489 1015 4538 24
1048 4489 1153 4555 vel]
1193 4508 1223 4539 r
1257 4498 1303 4540 et
1339 4492 1385 4540 R
1524 4494 1592 4542 25
1629 4490 1902 4556 infinitam]
1942 4508 1972 4540 r
2017 4492 2206 4541 {initam
2240 4493 2282 4541 B
2423 4492 2490 4542 26
2528 4485 2759 4558 ”genera
2794 4484 2985 4541 'rerum
3027 4494 3069 4542 G

613 4567 662 4604 et
698 4558 785 4631 Q
825 4565 993 4620 partes
1032 4560 1073 4606 (ι’
1106 4570 1152 4607 et
1194 4557 1275 4625 qui
1326 4568 1499 4624 partes
1535 4565 1578 4610 L
1732 4565 1799 4612 27
1841 4563 1941 4610 inte
1985 4562 2029 4610 B
2180 4561 2403 4626 species]
2441 4580 2470 4611 ν
2516 4566 2708 4628 speties
2739 4565 2784 4620 Il
2937 4563 3005 4613 28
3047 4563 3207 4610 infini-

611 4652 714 4691 tam
753 4652 800 4690 et
831 4642 1141 4707 generalem]
1183 4662 1211 4693 τ·
1255 4648 1448 4696 linitam
1488 4649 1777 4711 generalem
1818 4650 1862 4697 If
2037 4646 2131 4695 hoc
2167 4657 2244 4696 est
2281 4647 2377 4697 boe
2416 4661 2492 4698 est
2519 4653 2576 4700 ΙΙ
2744 4650 2812 4699 30
2855 4650 3004 4698 babet
3056 4650 3207 4713 igitur

2044 4711 2246 4724 ...ἢ-...-

610 4730 761 4777 etiam
798 4727 1092 4790 qualitatem
1123 4740 1243 4791 post
1284 4735 1576 4792 qualitatem
1615 4751 1704 4782 om.
1743 4735 1784 4781 It
1827 4734 1947 4782 adal.
1986 4749 2016 4779 7·
2156 4736 2305 4782 etiam
2346 4737 2502 4800 igitur
2538 4738 2629 4786 GL
2669 4737 2819 4784 etiam
2863 4737 3018 4799 igitur
3058 4737 3203 4783 etiam

608 4796 666 4845 K
838 4795 897 4846 31
951 4796 1024 4845 De
1075 4801 1495 4864 recapitulatione
1543 4804 1755 4850 aliortnu
1800 4818 1928 4863 quae
1967 4803 2226 4867 praedicta
2260 4815 2376 4853 sunt
2426 4810 2578 4855 inser.
2619 4809 2639 4853 l
2833 4803 3014 4868 totum]
3059 4819 3205 4853 omne

611 4864 759 4917 GLK
897 4866 1199 4936 colligamus
1236 4870 1313 4918 Ην
1452 4873 1749 4936 pronomina
1788 4886 1989 4933 quoque
2029 4872 2137 4921 loco
2180 4875 2329 4923 GLK
