3576 5595
592 413 710 475 140
1577 413 1946 475 PRISClANl
1985 413 2175 474 INST.

688 543 729 584 p.
762 530 872 571 1⁰81.
900 531 952 569 62
981 529 1022 571 P.
2770 543 2811 583 p.
2841 529 2905 571 ³6.
2934 530 2983 571 ³7
3011 530 3064 572 K.

580 619 1083 682 personarumque
1126 600 1385 662 omnium
1426 600 1735 661 discretiva
1773 610 1945 674 sunt,
1991 609 2056 661 ut
2095 598 2251 678 qu‘od
2297 600 2465 663 deest
2500 602 2754 674 nomini,
2796 602 2854 662 id
2901 610 2991 662 est
3033 620 3173 681 per·

583 690 857 775 sonarum
904 703 1347 775 discretionem,
1390 722 1455 763 ea
1497 702 1628 763 loco
1671 702 1905 763 illorum
1953 703 2176 783 prolata
2221 703 2583 784 compleant,
2641 712 2698 764 et
2741 702 2995 764 nominis
3037 703 3171 780 qui-

481 814 547 865 53
584 806 715 866 dem
761 805 982 881 babent
1025 823 1230 878 casus,
1288 805 1447 866 verbi
1494 818 1628 865 vero
1671 823 1977 884 personas.
2068 806 2264 885 itaque
2305 805 2565 884 undique
2605 783 2976 866 declinantur
3018 804 3168 865 duas

578 907 882 986 generales
926 906 1345 967 declinationes
1388 906 1775 980 assumentia,
1832 924 2005 968 unam
2051 907 2338 980 nominiS,
2385 907 2627 968 alteram
2669 907 2863 980 verbi,
2915 926 3025 967 nec
3061 926 3171 987 per

579 1010 1020 1082 confusionem,
1062 1009 1163 1068 sed
1208 1008 1716 1088 per*aptissimam
1757 1009 2160 1088 partitionem:
2209 1008 2599 1071 terminationi
2645 1009 2802 1070 enim
2839 1008 3225 1070 iniecerunts

580 1112 874 1177 casualem
921 1111 1402 1183 declinationem,
1459 1111 1747 1191 principio
1798 1129 1933 1171 vero
1989 1129 2375 1191 personarum
2421 1110 2805 1171 divisionem·
2874 1121 2966 1172 est
3010 1112 3167 1172 enim

579 1220 851 1298 planum,
908 1213 1094 1291 quod,
1150 1213 1200 1274 si
1245 1213 1305 1273 in
1346 1213 1551 1274 eadem
1596 1220 1763 1294 parte
1816 1213 1968 1274 duae
2018 1214 2223 1274 tierent
2274 1212 2728 1287 declinationeS‚
2788 1212 3167 1292 contingebat

582 1339 757 1382 casus
800 1316 1183 1377 mutationem
1230 1315 1648 1393 impedimento
1690 1315 1816 1375 fieri
1852 1334 2237 1395 personarum
2283 1314 2654 1388 discretioni,
2701 1321 2758 1375 et
2793 1324 2996 1376 contra
3029 1334 3165 1396 per-

581 1437 859 1483 sonarum
925 1417 1270 1478 transitione
1328 1418 1625 1497 corrumpi
1687 1434 1929 1477 casuum
1998 1417 2448 1498 proprietatem,
2523 1434 2703 1493 quare
2770 1436 2972 1478 casum
3037 1417 3168 1496 qui·

511 1602 520 1610 .
580 1524 712 1585 dem
744 1517 774 1605 ΙΙ
803 1521 1148 1581 discernens
1193 1519 1372 1580 efficit
1416 1518 1599 1591 ‘mei,
1655 1519 1833 1592 mihi,
1879 1522 2032 1593 me’,
2077 1538 2388 1599 personam
2434 1537 2573 1579 vero
2618 1519 2805 1591 ‘mei,
2852 1520 2968 1592 tui,
3012 1520 3164 1592 sui',
3195 1536 3249 1577 ιο

580 1640 894 1705 personam
935 1641 1071 1683 vero
1111 1630 1169 1682 et
1213 1639 1414 1686 casum
1452 1619 1634 1693 ‘mei,
1681 1620 1841 1682 tibi’.
1931 1629 1991 1681 et
2043 1621 2104 1683 in
2157 1621 2430 1683 omnibus
2479 1621 2781 1682 delinitum
2838 1630 2930 1682 est
2986 1640 3164 1702 supra

579 1726 782 1799 dictis,
838 1723 895 1785 id
926 1714 1033 1786 'est
1074 1723 1344 1803 personis
1396 1731 1456 1783 et
1497 1722 1764 1797 casibuS‚
1824 1723 1882 1784 in
1939 1724 2151 1803 quibus
2208 1724 2382 1785 etiam
2440 1724 2666 1785 numeri
2718 1723 3168 1785 manifestantur

577 1836 820 1909 propter
860 1825 1356 1900 distributionem,
1420 1844 1567 1903 quae
1614 1826 1673 1886 in
1718 1835 2027 1905 utramque
2071 1835 2297 1906 partem
2344 1845 2547 1887 eorum
2590 1825 2893 1899 discessit,
2958 1824 3015 1885 id
3074 1833 3168 1885 est

579 1929 930 2011 principium
968 1935 1027 1989 et
1063 1929 1260 1988 finem.
1350 1935 1595 2007 utraque
1649 1937 1844 2005 uunen
1901 1928 2210 1990 declinatio
2255 1936 2373 1988 tam
2427 1946 2668 1988 casuum
2726 1946 2900 2006 quam
2961 1946 3166 2007 perso·

578 2051 785 2094 narum
848 2032 919 2092 ad
982 2029 1251 2112 proprias
1309 2037 1508 2110 partes
1575 2028 1900 2104 absistens,
1966 2031 2023 2092 id
2081 2038 2171 2091 est
2208 2027 2218 2113 Ι
2258 2030 2329 2091 ad
2367 2047 2599 2115 ‚nomen
2653 2038 2710 2089 et
2768 2029 2841 2089 ad
2897 2028 3158 2104 verbum,
3192 2046 3243 2086 15

578 2135 695 2195 fine
745 2132 1046 2205 utebatur,
1106 2138 1170 2191 ut
1220 2131 1483 2204 ‘bonus,
1538 2131 1724 2205 bona,
1782 2132 2060 2207 bonum’,
2115 2132 2321 2207 ‘boni‚
2375 2132 2596 2205 bonae,
2656 2131 2851 2203 boni’,
2910 2130 3162 2204 ‘scribo,

480 2245 548 2295 54
584 2236 826 2310 scribiS,
865 2233 1126 2297 scribit’.
1178 2244 1312 2294 non
1356 2233 1609 2295 arbitror
1644 2234 2046 2295 necessarium
2094 2210 2258 2306 esse,
2329 2236 2377 2296 si
2430 2234 2562 2312 quis
2612 2241 2881 2311 quaerat:
2941 2236 3163 2310 ‘qnare

527 2414 536 2419 μ
578 2348 772 2400 autem
818 2338 879 2398 in
922 2337 1267 2418 pronomine
1313 2353 1432 2397 non
1489 2336 1852 2397 concedebat
1900 2338 2171 2418 personis
2226 2336 2412 2414 magis
2465 2335 2829 2408 terminatio,
2884 2333 3164 2411 quemad-

576 2441 812 2501 modum
853 2440 913 2501 in
958 2438 1183 2511 verbis,
1224 2456 1398 2515 quam
1440 2438 1891 2517 principium?’,
1935 2440 2068 2517 quia
2114 2439 2422 2519 oportebat
2467 2438 2649 2498 semel
2694 2436 2791 2497 uni
2837 2435 3163 2498 concedere

577 2543 727 2623 parti
773 2543 948 2602 finem
993 2548 1080 2614 et,
1133 2540 1183 2601 si
1238 2548 1329 2600 est
1377 2539 1723 2614 dicendum,
1779 2541 2204 2602 rationabiliter
2247 2540 2496 2613 casuali,
2556 2539 2772 2618 quippe
2817 2556 2950 2597 cum
2996 2538 3160 2617 prius
3188 2555 3242 2595 ιο

578 2653 668 2705 est
712 2660 926 2704 nomen
971 2642 1181 2714 verbo,
1247 2641 1738 2719 quemadmodum
1781 2643 2179 2717 ostendimus,
2244 2652 2301 2704 et
2356 2642 2761 2711 manifestum,
2820 2639 2975 2717 quod
3034 2639 3160 2700 eius

577 2746 937 2828 proprietas,
976 2745 1034 2808 id
1072 2751 1163 2806 est
1198 2763 1404 2818 casuS‚
1436 2744 1562 2806 iure
1594 2745 1855 2807 obtineat
1890 2747 2084 2808 finem.
2160 2757 2462 2828 praeterea
2494 2760 2819 2822 pronomen
2853 2750 2971 2817 est,
3003 2741 3160 2820 quod

575 2849 966 2936 pronomine
1012 2847 1297 2928 accipitur
1343 2855 1401 2908 et
1442 2847 1701 2909 imitatur
1743 2868 1976 2910 nomen.
2069 2858 2126 2909 et
2167 2858 2392 2910 certum
2435 2847 2591 2926 quod
2636 2846 3024 2906 accidentium
3071 2852 3162 2905 est

577 2951 703 3012 eius
750 2949 1193 3029 significationi,
1240 2949 1297 3010 id
1350 2958 1438 3010 est
1476 2949 1873 3025 substantiae,
1913 2969 2063 3028 quae
2106 2951 2457 3024 innascitur,
2499 2967 2769 3029 persona.
2846 2954 2905 3007 et
2949 2947 2998 3008 si
3042 2954 3160 3007 ter-

575 3052 815 3113 minatio
861 3051 1085 3113 obtinet
1120 3052 1369 3113 maxime
1413 3061 1611 3132 partes
1655 3053 1970 3127 orationis,
2019 3053 2152 3114 finis
2185 3062 2378 3113 autem
2423 3051 2787 3132 pronominis
2831 3068 3004 3109 casus
3048 3057 3158 3121 est,
3188 3066 3241 3106 25

574 3153 861 3215 obtinebit
903 3172 1010 3234 per
1053 3156 1261 3228 finem,
1322 3162 1385 3214 ut
1428 3157 1804 3234 ‘pronomen’
1846 3164 2117 3230 vocetur,
2172 3156 2392 3235 quippe
2442 3172 2558 3233 quo
2601 3151 2862 3213 imitatur
2906 3150 3161 3211 nominis

574 3357 667 3406 per
702 3356 879 3393 omnes
917 3316 1029 3392 eius
1063 3358 1213 3394 casus
1249 3344 1310 3394 G.
1352 3342 1537 3392 desunt
1562 3341 1689 3393 haec
1719 3343 1988 3405 Apollonio
2020 3345 2055 3394 1.
2095 3343 2129 3395 1.
2154 3356 2210 3404 p.
2236 3341 2321 3402 95,
2337 3341 2390 3400 9,
2425 3340 2625 3390 accedit
2654 3341 2881 3390 lectionis
2914 3340 3159 3394 var-ictas.

572 3420 628 3461 ut
653 3412 702 3475 f.
739 3413 956 3462 insiticia
991 3414 1093 3462 sint
1268 3413 1294 3462 1
1335 3411 1792 3478 personarumque]
1832 3429 1863 3460 r
1894 3427 2227 3478 personarum
2265 3428 2395 3475 quae
2427 3411 2474 3460 R
2508 3423 2842 3476 personarum
2877 3423 3078 3472 quoque
3118 3410 3160 3458 G

710 3563 1019 3616 discretiuae
1050 3564 1145 3614 GL
1304 3509 1452 3615 tieem
1497 3566 1542 3616 G
1706 3545 2041 3631 personarum
2078 3568 2303 3616 omnium
2340 3566 2581 3616 discretio
2615 3563 2711 3615 NG
2747 3571 2801 3614 at
2834 3579 2881 3617 v.
2918 3562 3154 3626 Aponon.

569 3688 604 3734 1.
633 3688 666 3734 l.
705 3700 759 3747 p.
789 3683 876 3745 95,
907 3684 975 3734 10
1002 3699 1081 3747 sq.
1225 3684 1258 3733 2
1291 3658 1592 3733 discretio&
1622 3686 1711 3734 Dd
1880 3683 2198 3750 compleant]
2241 3701 2272 3732 r
2315 3684 2635 3748 compleatR
2804 3682 2837 3735 3
2885 3697 3036 3733 casus
3068 3682 3158 3731 ba·

574 3757 689 3805 bent
718 3753 760 3804 0
934 3755 966 3804 5
998 3751 1347 3818 partitionem]
1384 3770 1414 3801 r·
1440 3756 1724 3817 partionem
1761 3755 1807 3805 R
1842 3757 2175 3820 particionem
2213 3757 2261 3804 D
2433 3755 2592 3803 inice?
2634 3753 2698 3802 M
2867 3752 2900 3802 6
2932 3754 3157 3803 denisio-

572 3838 687 3874 nem
727 3825 774 3878 L
912 3826 944 3874 7
974 3820 1208 3888 planum]
1247 3840 1277 3872 r
1310 3824 1514 3887 plenum
1548 3824 1595 3873 R
1734 3827 1777 3874 si
1816 3824 1891 3890 in]
1924 3841 1954 3873 r
1983 3828 2094 3875 sine
2125 3826 2170 3875 R
2311 3823 2495 3873 fuenint
2532 3824 2575 3874 G
2716 3823 3078 3887 contingebant
3114 3824 3158 3874 G

709 3894 743 3944 8
780 3891 1058 3942 mutatione
1096 3891 1178 3941 OS
1326 3894 1629 3944 discrecioni
1665 3897 1713 3944 D
1855 3903 1975 3957 pose
2012 3897 2334 3945 discretioni:
2386 3902 2432 3943 et
2470 3901 2647 3944 contra
2685 3907 3016 3958 personarum
3052 3893 3156 3942 dis—

569 3965 795 4015 cretione
825 3961 945 4027 (sie)
981 3965 1138 4011 iterat
1170 3963 1217 4012 R
1258 3962 1356 4012 del.
1393 3979 1424 4010 r
1560 3966 1594 4016 9
1632 3965 1920 4015 transitioni
1961 3966 2004 4015 G
2158 3965 2550 4030 propriae-tatem
2588 3964 2668 4013 Ην·
2809 3962 2868 4012 11
2905 3964 3002 4010 mei
3036 3960 3153 4027 tibi]

572 4025 700 4098 ἐμοί
725 4029 859 4081 -σέ
886 4033 1182 4095 Apollonius
1217 4035 1253 4081 1.
1288 4035 1321 4082 1.
1368 4047 1421 4094 p.
1453 4032 1538 4088 96.
1574 4035 1639 4086 10
1673 4035 1775 4086 Bk.
1820 4049 1941 4099 εμοι
1974 4048 2061 4085 σοι
2094 4035 2239 4092 libri,
2278 4038 2313 4084 l.
2353 4026 2507 4097 ἐμοῦ,
2548 4030 2643 4081 σοί
2781 4031 2871 4081 tibi
2915 4048 2986 4085 se.
3025 4044 3075 4081 et
3110 4031 3160 4080 N

709 4102 979 4154 diffinitum
1020 4101 1150 4151 NGr·
1179 4101 1467 4151 deffinitum
1502 4103 1543 4152 S
1710 4103 1770 4153 13
1806 4104 2092 4170 utramque]
2133 4122 2163 4153 r
2202 4114 2445 4168 utrunque
2479 4104 2573 4154 GL
2608 4111 2820 4166 utraque
2863 4102 2905 4151 R
3074 4116 3157 4152 eo·

571 4189 680 4223 rum
727 4183 920 4238 partem
957 4171 1000 4222 S
1155 4173 1419 4221 disscessit
1455 4172 1502 4219 Ν
1539 4175 1746 4223 discesit
1781 4177 1829 4224 L
1997 4177 2049 4225 id
2087 4173 2183 4240 est]
2223 4190 2254 4222 r·
2292 4177 2428 4223 idem
2466 4174 2529 4222 M
2560 4173 2694 4222 idem
2735 4173 2780 4222 R
2817 4172 2870 4220 id
2903 4169 2945 4218 S
3104 4172 3158 4221 id

573 4242 941 4309 est—finem]
986 4258 1078 4291 om.
1119 4241 1415 4304 Apollonius
1448 4243 1482 4292 1.
1520 4244 1551 4294 l.
1590 4245 1682 4300 12:
1732 4261 1799 4294 an
1833 4243 1928 4308 ()?
2082 4245 2145 4295 14
2192 4245 2239 4292 iu
2277 4245 2584 4307 principium
2622 4242 2832 4292 MODN
2983 4241 3047 4291 15
3077 4256 3158 4290 as·

569 4316 757 4364 sistens
792 4311 834 4361 S
982 4323 1031 4362 et
1065 4307 1372 4362 aduerbtum
1400 4310 1469 4377 (i)
1513 4313 1556 4363 G
1593 4323 1642 4363 et
1671 4318 1882 4365 uerbum
1920 4315 2018 4366 NL
2177 4312 2241 4364 16
2280 4315 2441 4363 bonae
2475 4315 2606 4362 bona
2642 4313 2740 4361 DG
2902 4310 2964 4360 17
3003 4326 3156 4374 quae-

565 4391 646 4446 rat
669 4384 784 4447 quis
817 4381 858 4431 S
1001 4383 1066 4433 18
1094 4391 1263 4432 autem
1289 4383 1387 4432 del.
1411 4399 1442 4431 r
1580 4386 1955 4435 terminatione
1974 4382 2111 4449 (nis)
2131 4383 2179 4431 D
2321 4383 2765 4446 quemammodum
2790 4380 2839 4429 L
2982 4394 3156 4443 quem-

607 4464 636 4504 d
1109 4464 1149 4504 is

569 4517 862 4569 ammodum
894 4519 947 4568 in
981 4520 1139 4570 uerbo
1174 4520 1274 4583 qufi
1312 4519 1361 4585 in
1401 4520 1706 4586 principium
1740 4522 1821 4571 Ην·
1964 4519 2028 4572 19
2057 4519 2146 4569 uni
2173 4519 2330 4568 semel
2354 4520 2405 4568 N
2541 4518 2604 4567 21
2640 4519 3083 4581 quemammodum
3108 4520 3156 4570 L

708 4599 1153 4718 quemammodum
1192 4657 1507 4707 ostendimus
1542 4631 1878 4736 ostendimus...
1922 4658 1984 4707 Et
2015 4657 2091 4706 Ιίν-
2260 4658 2326 4706 22
2358 4657 2680 4721 propriaetas
2714 4657 2760 4708 13
2933 4657 3155 4722 optineat

1532 4727 1842 4736 -----------------------

569 4756 663 4807 NS
829 4757 1003 4823 finem]
1040 4759 1077 4808 d
1105 4759 1256 4810 fldem
1289 4761 1338 4811 D
1513 4761 1581 4814 23
1614 4759 1991 4825 accidentium]
2030 4760 2069 4808 d
2101 4742 2481 4810 accendentium
2516 4760 2564 4808 D
2601 4761 2841 4810 accidens
2869 4762 2920 4810 N
3076 4761 3154 4810 24

570 4841 701 4891 qnae
735 4828 957 4876 nascitur
990 4830 1041 4878 in
1076 4843 1298 4894 persona
1332 4832 1377 4882 G
1543 4832 1613 4883 25
1652 4831 1847 4896 optinet
1884 4827 2090 4882 RMNS
2262 4831 2519 4878 maximae
2549 4830 2628 4880 Rr
2793 4829 2861 4880 26
2904 4830 3153 4896 optinebit

569 4898 651 4947 Νι·
789 4899 980 4962 quippe
1015 4899 1069 4947 in
1102 4913 1203 4963 quo
1241 4899 1284 4949 0
2270 4921 2281 4929 ·
2469 4892 2479 4901 ’
