3576 5595
1508 380 1648 441 PRA
1658 381 1931 440 Ebu-vno
2894 382 3020 444 395

425 564 819 628 ostenderet.
907 575 973 628 et
1008 539 1284 628 Latinos
1327 563 1588 649 quidem
1633 564 1794 627 artis
1840 565 2150 628 metricae
2194 564 2543 650 scriptores
2589 588 2719 628 non
2763 564 3028 628 videtur

427 666 667 748 legisse
714 668 840 729 nisi
889 666 1081 748 duOS,
1127 687 1288 751 quos
1330 667 1471 750 ipse
1513 667 1877 729 nominavit
1916 688 1978 750 p.
2028 668 2216 744 1:321,
2275 665 2744 729 Terentianum
2792 675 2856 730 et
2900 666 3024 729 As-

425 769 737 835 monium.
829 768 907 830 de
936 769 1208 831 Graccis
1253 775 1469 831 autem
1521 790 1688 853 quae
1731 767 1968 849 attulit,
2013 789 2091 830 ea
2136 768 2353 832 omnia
2400 766 2756 832 Heliodoro
2801 777 2865 831 et
2896 767 3029 830 He-

427 870 798 955 phaestioni
845 869 1092 933 debuit.
1162 892 1245 932 ex
1296 868 1534 955 quibus
1579 869 2010 955 scriptoribus
2040 869 2465 934 Heliodorum
2491 870 2775 954 Augusti
2814 878 3030 932 aetate

429 972 860 1057 antiquiorem
915 993 1059 1034 esse
1114 993 1243 1036 non
1298 972 1506 1055 magis
1563 994 1754 1057 quam
1810 970 1889 1034 de
1945 970 2108 1035 Iuba
2161 972 2432 1035 metrico
2499 973 2658 1036 mihi
2725 971 3031 1057 probavit

434 1072 828 1136 Ritschelius
876 1073 1008 1136 ind.
1055 1071 1201 1136 lect.
1232 1073 1439 1136 Bonn.
1473 1073 1721 1136 hibern.
1752 1095 1811 1136 a.
1839 1076 1998 1136 1840
2028 1096 2087 1159 p.
2117 1073 2240 1136 XI.
2307 1082 2655 1159 utrumque
2697 1073 2869 1135 enim
2912 1071 3026 1135 ali-

433 1183 674 1261 quanto
720 1175 1051 1237 inferioris
1099 1176 1332 1237 aetatis
1377 1197 1522 1237 csse
1563 1197 1950 1261 persuasum
1991 1175 2221 1238 habeo.
2287 1174 2403 1237 sed
2435 1174 2592 1237 haec
2620 1195 2792 1236 nune
2821 1176 3029 1254 mitto,

434 1276 738 1362 quoniam
777 1275 858 1339 de
881 1276 1169 1338 metricis
1213 1276 1638 1361 scriptoribus
1670 1275 1800 1339 alio
1834 1274 1974 1339 loco
2009 1275 2356 1340 dicendum
2394 1284 2512 1339 est.
2579 1275 2741 1339 illud
2773 1296 3028 1353 moncO,

436 1377 866 1457 Priscianum‚
894 1386 966 1439 ut
997 1378 1063 1439 in
1101 1376 1220 1440 hoe
1260 1377 1427 1441 libro
1471 1387 1534 1439 ct
1571 1379 1780 1462 ipsum
1813 1377 2240 1442 Heliodorum
2273 1389 2337 1442 et
2370 1378 2925 1465 Hephaestionem
2943 1379 3032 1460 *),

435 1479 546 1564 qui
592 1478 774 1542 illum
821 1487 1080 1541 secutus
1124 1487 1256 1559 est,
1315 1478 1647 1553 adhibuit,
1696 1481 1787 1542 ita
1836 1480 1900 1543 in
1955 1480 2066 1542 illo
2111 1481 2224 1566 qui
2268 1489 2369 1544 est
2411 1479 2492 1543 de
2536 1480 2766 1562 figuris
2811 1502 3033 1542 nume-

436 1603 651 1644 rorum
698 1603 825 1643 non
870 1579 1080 1643 solum
1116 1579 1529 1661 Dardanum,
1585 1584 1641 1642 si
1692 1581 1880 1644 modo
1919 1580 2305 1645 Dardanum
2348 1603 2492 1645 esse
2531 1591 2706 1645 recte
2745 1582 3034 1665 suspica·

434 1692 547 1750 tus
587 1705 763 1764 sum,
815 1684 926 1768 qui
975 1681 1245 1768 Didymi
1292 1684 1679 1746 auctoritate
1718 1705 1875 1746 usus
1921 1692 2018 1746 est
2064 1706 2127 1767 p.
2173 1687 2364 1759 1350,
2423 1682 2537 1745 sed
2585 1682 2779 1744 etiam
2822 1684 3035 1768 ipsum

440 1784 833 1870 Didymum,
879 1805 1068 1869 quem
1114 1784 1402 1871 appellat
1440 1807 1503 1869 p.
1558 1788 1753 1864 1347,
1804 1783 2047 1867 legisse
2088 1784 2322 1848 videri.
2414 1785 2694 1869 denique
2741 1785 2806 1846 in
2854 1805 3036 1869 prae·

438 1886 977 1950 exercitaminum
1042 1885 1210 1949 libro
1264 1894 1841 1972 progymnasmata
1886 1885 2355 1969 HermogeniS,
2418 1907 2584 1970 quae
2643 1894 2779 1952 tum
2837 1883 3038 1968 vulgo

439 1988 835 2050 Graecorum
884 1987 1212 2050 rhetorum
1263 1988 1480 2050 studia
1522 1986 1863 2068 tenebant,
1930 1987 1995 2049 in
2041 1986 2348 2049 Latinum
2409 2007 2769 2049 sermonem
2826 1993 3038 2048 trans·

439 2088 619 2170 tulit3
677 2097 741 2150 et
785 2087 1167 2174 plerumque
1211 2088 1471 2174 quidem
1521 2098 1649 2152 tam
1698 2098 2001 2152 accurate
2037 2089 2294 2152 Graeca
2324 2087 2529 2151 verba
2560 2087 2917 2186 expressit,
2970 2095 3044 2149 ut

440 2190 785 2275 quaedam,
832 2212 996 2275 quae
1030 2190 1183 2253 olim
1221 2201 1525 2278 corrupta
1556 2201 1772 2272 erant,
1823 2213 1907 2254 ex
1939 2190 2040 2255 his
2081 2190 2415 2276 emendari
2448 2197 2735 2277 possent.

612 2291 771 2354 Post
801 2293 919 2354 hos
957 2291 1157 2355 libros
1190 2295 1378 2377 posui
1413 2316 1581 2374 eum,
1620 2294 1727 2378 qui
1768 2294 1832 2356 in
1870 2291 2354 2378 exemplaribus
2385 2301 2578 2354 antea
2613 2291 2924 2377 inpressis
2961 2290 3042 2353 de

442 2393 989 2457 declinationibus
1024 2394 1254 2457 vel-de
1286 2394 1724 2459 declinatione
1758 2378 2092 2458 nominum
2125 2393 2232 2458 vel
2268 2394 2346 2457 de
2380 2393 2731 2476 generibus
2771 2391 3043 2455 inscribi

440 2496 799 2560 consucvit.
883 2518 1030 2559 nam
1079 2497 1146 2559 in
1202 2518 1395 2559 manu
1442 2498 1701 2583 scriptis
1746 2495 2082 2561 codicibus
2137 2496 2561 2559 institutio
2618 2494 3045 2558 Prisciani

440 2599 946 2682 grammatici
1015 2597 1107 2660 de
1171 2600 1489 2662 nomine
1538 2607 1608 2661 et
1661 2599 2146 2685 pronomine
2201 2606 2275 2660 et
2338 2597 2590 2660 verbo
2649 2596 2919 2676 dicitur3
2980 2596 3047 2658 in

440 2701 668 2786 paucis
702 2700 802 2763 his
832 2699 1127 2762 additum
1160 2700 1379 2764 inveni
1411 2707 1500 2763 ‘et
1527 2701 1899 2786 partieipio’
1937 2699 2041 2762 vel
2077 2706 2167 2762 ‘et
2200 2701 2545 2785 participio
2575 2709 2641 2762 et
2669 2696 3049 2761 verbalibus

442 2802 863 2864 nominibus’.
931 2824 1123 2886 quam
1172 2803 1665 2886 inscriptionem
1708 2825 1851 2865 cum
1901 2804 2207 2888 princeps
2259 2801 2461 2865 editio
2504 2802 2858 2881 omisisset,
2903 2799 3048 2863 reli-

443 2906 554 2988 qui
590 2903 873 2965 editores
912 2905 1004 2966 ita
1037 2913 1109 2966 ut
1145 2926 1344 2989 supra
1382 2905 1693 2988 scriptum
1735 2914 1834 2966 cst
1870 2913 2304 2966 mutaverunt.
2388 2904 2442 2965 is
2491 2902 2659 2966 liber
2707 2911 2924 2964 autem
2967 2923 3052 2963 cx

442 3005 544 3084 iis,
585 3024 751 3089 quae
790 3004 871 3066 de
906 3004 1136 3068 iisdem
1172 3005 1468 3091 partibus
1486 3000 1813 3068 'orationis
1846 3006 1911 3066 in
1947 3007 2189 3068 maiore
2221 3028 2416 3091 opere
2435 3004 2813 3066 Priscianus
2846 3003 3048 3087 scrip-

446 3107 561 3187 sit,
598 3106 688 3168 ita
723 3116 1071 3191 excerptus
1113 3116 1212 3169 est
1242 3106 1631 3192 ‘compendii
1681 3113 1930 3186 causa’,
1980 3115 2051 3168 ut
2091 3108 2182 3169 ait
2218 3130 2280 3193 p.
2325 3108 2513 3187 1308,
2563 3106 2669 3169 ‘ad
2708 3105 3047 3168 instituen-

445 3209 563 3270 dos
601 3213 880 3293 pueros’,
940 3216 1014 3269 ut
1054 3219 1312 3293 praeter
1354 3208 1653 3293 exempla
1692 3209 2227 3293 imperativorum
2275 3231 2359 3271 ex
2402 3206 2587 3271 libris
2636 3206 2930 3293 Terentii
2984 3213 3050 3267 et

362 3326 369 3333 “
446 3308 737 3372 Sallustii
786 3309 1120 3395 adscripta
1163 3332 1223 3394 p.
1260 3314 1416 3372 1317
1462 3311 1576 3372 vix
1619 3310 1963 3396 quicquam
1996 3310 2358 3391 contineat,
2409 3309 2585 3396 quod
2633 3331 2762 3371 non
2807 3305 3052 3370 rectius

446 3434 528 3473 ex
562 3410 672 3475 illo
706 3421 1158 3494 cognoscatur.
1229 3433 1438 3497 neque
1487 3420 1586 3473 est
1629 3433 1743 3474 cur
1777 3408 1938 3474 illud
1970 3434 2100 3474 non
2135 3409 2218 3473 ab
2253 3412 2395 3497 ipso
2435 3410 2769 3474 Prisciano
2814 3408 2910 3470 sic
2958 3409 3053 3470 in·

447 3514 744 3576 stitutum
776 3535 919 3575 esse
956 3514 1281 3576 credatur.
1316 3534 1465 3576 nam
1498 3533 1892 3599 quamquam
1925 3516 1990 3576 in
2024 3514 2125 3594 iis,
2158 3535 2324 3599 quae
2358 3513 2439 3576 (le
2469 3512 2818 3577 verborum
2855 3508 3052 3573 decli·

448 3617 712 3680 natione
761 3613 866 3678 hic
908 3615 1416 3700 praecipiuntur,
1462 3615 1780 3701 quaedam
1829 3616 2019 3679 aliter
2064 3636 2133 3678 sc
2181 3614 2425 3678 habent
2464 3623 2659 3701 atquc
2701 3614 2768 3675 in
2807 3611 3050 3675 maiore

449 3739 673 3802 opere,
723 3727 938 3780 tamen
970 3739 1091 3779 nec
1129 3727 1427 3803 pugnant
1464 3718 1623 3780 hace
1660 3740 1807 3779 cum
1846 3716 1974 3780 illis
2020 3726 2084 3780 et
2116 3718 2207 3779 ita
2237 3726 2594 3802 conparata
2628 3724 2814 3795 sunt,
2856 3722 2928 3776 ut
2962 3713 3053 3776 sa·

447 3819 572 3882 cile
609 3819 692 3882 ab
732 3819 873 3904 ipso
904 3828 1202 3900 auctore,
1247 3821 1358 3905 qui
1393 3840 1470 3881 ea
1500 3803 1725 3905 pueris
1752 3819 2175 3882 instituendis
2215 3818 2403 3882 utilia
2435 3840 2577 3881 esse
2620 3824 2913 3903 putaret,
2962 3815 3056 3877 ita

449 3921 648 3983 scribi
684 3923 1031 4006 potuerint.
1086 3923 1443 4006 posteriore
1474 3930 1687 3983 autem
1729 3930 1944 3985 aetate
1978 3923 2192 3985 minus
2229 3918 2578 4004 diligenter
2610 3941 2800 4005 quam
2842 3917 3055 3980 maius

450 4045 613 4108 opus
664 4022 986 4086 Prisciani
1034 4016 1139 4086 liic
1183 4021 1448 4086 libellus
1492 4031 1812 4085 tractatus
1854 4032 1954 4086 est
1997 4023 2084 4085 ab
2131 4025 2210 4086 iis
2254 4024 2364 4106 qui
2409 4023 2535 4085 arti
2580 4020 3052 4102 grammaticae
3139 4016 3140 4019 '

450 4147 714 4210 operam
772 4123 1039 4188 (labant.
1133 4126 1277 4211 qui,
1325 4125 1380 4186 si
1421 4125 1788 4188 breviorem
1838 4126 1999 4188 artis
2042 4125 2515 4188 institutionem
2571 4121 3057 4202 desiderabant,

448 4248 591 4289 cum
625 4225 897 4289 aliorum
935 4226 1504 4311 grammaticorum
1550 4236 1681 4289 tum
1716 4225 1959 4290 Donati
2006 4225 2207 4291 libros
2255 4225 2338 4288 ad
2383 4247 2569 4287 suum
2613 4245 2802 4287 usum
2852 4227 3058 4307 magis

586 4432 636 4495 ³¹²)
674 4434 796 4484 Nou
832 4434 972 4483 satis
1010 4438 1220 4484 certam
1259 4449 1484 4483 causam
1524 4449 1644 4483 esse
1681 4433 1873 4494 video,
1916 4449 2013 4482 cur
2048 4434 2395 4482 Priscianum
2436 4431 2761 4495 ampliorem
2796 4430 3056 4495 Hephae—

449 4520 651 4569 stionis
688 4519 915 4580 librum,
966 4535 1128 4584 quam
1166 4534 1311 4585 nunc
1349 4525 1461 4581 est,
1514 4519 1777 4568 habuisse
1826 4518 2042 4577 dicant,
2095 4524 2387 4583 propterea
2437 4516 2580 4582 quod
2617 4517 2673 4564 in
2713 4520 2955 4564 extremo
2993 4515 3056 4564 li-

450 4604 577 4666 bro,
631 4620 753 4653 cum
800 4604 1118 4654 testimonio
1155 4604 1591 4669 Hephaestionis
1636 4619 1766 4652 usus
1815 4603 1951 4651 duos
1997 4618 2188 4651 versus
2236 4601 2550 4667 Eupolidis,
2602 4600 2692 4664 qui
2741 4606 2866 4648 sunt
2916 4599 3058 4664 apud

450 4687 602 4737 illum
640 4705 692 4754 1»-
736 4688 830 4736 109
869 4689 953 4738 ed.
996 4689 1175 4738 Gaisf.
1213 4689 1320 4749 (cd.
1362 4687 1481 4753 pin),
1520 4688 1927 4752 adscripsisset‚
1969 4688 2294 4751 interposito
2333 4682 2516 4735 ‘idem’
2555 4686 2874 4749 pronomine
2913 4685 3062 4734 subi-

453 4772 530 4821 cit
566 4779 678 4821 tres
718 4773 889 4835 alioS,
938 4773 1027 4838 qui
1065 4773 1211 4838 apud
1249 4772 1397 4821 illum
1435 4788 1540 4822 non
1579 4771 1854 4837 leguntur.
1927 4776 2148 4836 poterat
2186 4772 2332 4820 enim
2367 4770 2466 4819 hos
2505 4771 2574 4819 ab
2613 4769 2952 4832 Heliodoro,
3002 4786 3070 4820 ex

455 4872 560 4921 quo
600 4858 717 4922 ipso
754 4859 967 4922 priores
1003 4857 1139 4907 duos
1176 4857 1521 4923 Hephaestio
1560 4871 1769 4921 quoque
1809 4857 2090 4921 recepisse
2126 4856 2371 4918 videtur,
2411 4860 2621 4921 petere.
