3576 5595
598 329 721 390 494
1273 295 1278 299 ’
1712 331 2081 394 muscum

702 456 746 496 p.
777 444 890 485 125⁹.
916 443 969 484 οο
998 444 1044 484 ι).
2789 462 2831 502 ρ.
2851 449 3018 492 ³³2.ae
3038 451 3091 492 κ.

595 515 813 575 dictum
869 523 976 576 est.
1068 516 1145 575 Et
1196 515 1351 576 unde
1393 535 1711 596 possumus
1753 517 1907 577 scire
1948 517 2379 579 differentiam?
2449 521 2493 580 A
2540 520 2806 581 iunctura
2854 530 2912 581 et
2956 521 3191 582 ordina-

598 616 784 689 tione,
840 616 897 676 id
955 625 1044 677 est
1095 607 1217 676 ἀπὸ
1268 618 1371 694 τῆς
1428 609 1793 692 συντάξεως,
1849 636 2000 694 quae
2047 620 2214 680 facile
2261 628 2453 699 potest
2504 620 2641 682 sciri
2691 640 2759 683 ex
2807 622 3188 701 singularium

596 718 894 790 iunctura,
953 737 1104 796 quae
1160 737 1279 779 non
1336 718 1554 779 babent
1610 719 1832 780 similes
1875 719 2130 780 dativum
2177 730 2235 780 et
2279 720 2623 795 ablativum,
2685 730 2748 783 ut
2797 724 2853 783 in
2911 711 3189 786 omnibus

594 819 818 898 primae
874 820 1281 880 declinationis
1338 821 1673 881 nominibus
1731 829 1791 880 et
1843 821 2048 881 tertiae
2103 822 2160 883 in
2207 841 2239 882 e
2286 822 2729 884 terminantibus
2776 825 3085 886 ablativum
3132 836 3188 887 et

470 934 566 985 149
596 929 839 999 quartae
870 929 930 980 et
968 922 1221 999 quintae.
1295 921 1353 981 in
1395 921 1487 981 bis
1529 923 1683 982 enim
1731 922 2039 983 manifeste
2082 924 2340 984 ostendit
2368 942 2542 984 casus
2588 924 2991 986 differentiam.
3053 946 3186 987 cum
3213 947 3239 985 s

592 1021 771 1098 igitur
810 1022 1053 1084 verbum
1096 1022 1308 1083 dedisti
1357 1023 1484 1083 sine
1529 1023 1707 1083 dubio
1746 1023 1999 1084 dativum
2049 1024 2258 1102 exigit,
2307 1025 2492 1102 siquis
2530 1045 2707 1104 supra
2752 1027 3035 1089 dictarum
3088 1029 3189 1088 de-

592 1121 968 1183 clinationum
1016 1143 1229 1185 nomen
1286 1125 1552 1196 ordinet,
1596 1143 1842 1184 neeesse
1895 1133 1985 1192 est
2028 1125 2280 1185 dativum
2328 1124 2675 1204 adiungere,
2720 1129 2932 1189 dedisti
2978 1139 3187 1209 poetae

591 1224 679 1284 vel
746 1224 967 1284 bomini
1024 1224 1108 1286 vel
1168 1227 1391 1286 senatui
1449 1224 1536 1284 vel
1596 1226 1698 1286 rei.
1790 1245 1906 1286 non
1960 1225 2095 1286 licet
2140 1227 2297 1286 enim
2352 1228 2461 1288 nisi
2526 1228 2778 1290 dativum
2826 1231 2963 1291 huic
3009 1231 3184 1291 verbo

592 1325 926 1403 adiungere.
1017 1336 1075 1387 et
1121 1336 1288 1400 nota,
1356 1327 1512 1405 quod
1558 1336 1835 1405 quattuor
1880 1327 2095 1387 babent
2140 1328 2593 1390 declinationum
2640 1329 3000 1393 differentias
3048 1351 3183 1411 pro-

591 1427 846 1487 nomina.
939 1438 1078 1488 sunt
1134 1428 1288 1488 enim
1352 1445 1499 1505 quae
1563 1437 1691 1506 tam,
1733 1429 2064 1505 genetivum
2123 1448 2297 1507 quam
2355 1429 2608 1491 dativum
2667 1431 2725 1491 in
2781 1433 2797 1492 i
2845 1433 3177 1504 terminant,
3208 1454 3256 1495 ιο

589 1546 738 1605 quae
780 1537 917 1589 sunt
962 1529 1069 1589 tria
1116 1538 1173 1590 et
1218 1507 1547 1591 co‘mmunia
1594 1530 1767 1590 trium
1819 1548 2130 1607 generum,
2175 1538 2239 1591 ut
2284 1550 2393 1609 ego
2433 1533 2568 1594 mei.
2595 1533 2766 1606 mibi,
2813 1548 2874 1595 tu
2921 1534 3000 1594 tui
3046 1534 3171 1606 tibi,

458 1645 554 1696 150
590 1630 679 1690 sui
732 1630 859 1690 sibi.
941 1638 1077 1691 sunt
1127 1648 1277 1708 quae
1333 1631 1661 1708 genetivum
1718 1631 1776 1691 in
1831 1632 1956 1703 ius,
2018 1631 2271 1692 dativum
2319 1651 2455 1692 vero
2515 1633 2574 1694 in
2627 1634 2643 1693 i
2691 1634 3027 1713 proferunt,
3072 1636 3172 1713 qui

455 2241 548 2292 151

449 2856 547 2908 152

589 1749 765 1792 casus
817 1750 1159 1793 communes
1215 1740 1352 1792 sunt
1409 1732 1579 1792 trium
1642 1750 1960 1809 generum,
2015 1742 2077 1792 ut
2129 1732 2224 1793 ille
2267 1732 2423 1793 illius
2474 1734 2587 1808 illi,
2633 1736 2761 1814 ipse
2805 1735 2991 1814 ipsius
3038 1736 3171 1815 ipsi,

589 1831 699 1893 iste
736 1832 905 1894 istius
945 1834 1072 1906 isti,
1113 1834 1209 1894 hic
1250 1834 1424 1894 buius
1468 1833 1634 1907 huic,
1681 1834 1732 1894 is
1774 1835 1903 1895 eius
1946 1834 2015 1894 ei.
2108 1842 2245 1893 sunt
2290 1834 2397 1895 alia
2443 1854 2597 1913 quae
2637 1846 2918 1897 seruntur
2959 1856 3175 1897 secun—

588 1934 697 1994 dae
740 1933 1145 1995 declinationis
1190 1933 1492 1996 mobilium
1539 1936 1819 2014 regulam,
1858 1935 2048 2013 qualia
2095 1944 2231 1995 sunt
2270 1937 2598 2015 possessiva
2633 1938 2808 2010 baec,
2841 1957 3011 1998 meus
3043 1946 3176 1998 tnus
3202 1959 3249 1998 ts

588 2053 732 2095 suus
779 2045 981 2114 noster
1023 2045 1233 2097 vester.
1328 2044 1464 2096 sunt
1510 2035 1617 2096 alia
1676 2037 1881 2096 tertiae
1927 2037 2334 2098 declinationis
2378 2039 2681 2099 nominum
2726 2038 3177 2099 declinationem

589 2137 912 2207 servantia,
962 2147 1025 2198 ut
1069 2146 1300 2199 nostras
1342 2144 1588 2209 vestraS,
1636 2134 1951 2220 nullstratis
1998 2139 2283 2199 vestratis.

757 2239 1032 2298 Aeneia
1094 2258 1241 2316 quae
1297 2257 1437 2319 pars
1507 2238 1787 2298 orationis
1860 2237 1992 2299 est?
2063 2240 2308 2300 Nomen.
2413 2238 2641 2311 Quale?
2719 2233 3176 2321 Appellativum:

585 2340 850 2417 quamvis
895 2339 1049 2399 enim
1097 2340 1459 2418 possessoris
1504 2339 1806 2417 proprium
1851 2358 2063 2399 nomen
2103 2342 2423 2418 significet,
2472 2351 2662 2403 tamen
2708 2343 2900 2403 omnis
2939 2362 3179 2422 posses-

587 2441 675 2500 sio
720 2440 845 2500 eius
883 2458 1193 2501 commune
1225 2439 1337 2499 hoc
1368 2458 1581 2500 nomen
1613 2449 1809 2519 potest
1840 2440 2087 2513 babere,
2137 2451 2197 2502 ut
2226 2443 2436 2503 Aeneia
2482 2451 2696 2516 mater,
2729 2444 2940 2505 Aeneia
2983 2463 3171 2516 mem,
3195 2468 3248 2508 το

585 2541 798 2602 Aeneia
846 2542 1060 2614 sacieS,
1109 2542 1322 2601 Aeneia
1370 2560 1605 2614 manus,
1653 2542 1865 2602 Aeneia
1910 2543 2136 2616 nutrix,
2189 2544 2442 2605 Aeneins
2484 2564 2652 2623 ager,
2699 2546 2954 2606 Aeneius
3000 2545 3174 2618 tilius,

584 2643 837 2704 Aeneius
870 2643 1061 2715 ensis,
1109 2642 1386 2703 Aeneium
1420 2643 1649 2716 lumen,
1688 2643 1969 2703 Aeneium
2014 2663 2259 2718 munuS,
2299 2646 2576 2706 Aeneium
2616 2664 2892 2723 regnum:
2942 2648 3176 2724 generis

587 2745 889 2817 seminini,
945 2743 1169 2806 numeri
1221 2744 1568 2823 singularis,
1633 2748 1854 2823 tigurae
1911 2746 2227 2827 simplicis,
2296 2746 2703 2809 declinationis
2762 2749 3002 2827 primae.
3089 2749 3174 2809 Ex

585 2866 703 2925 quo
759 2848 993 2908 nomine
1047 2845 1384 2907 derivatur?
1462 2845 1547 2907 Ab
1591 2850 1819 2921 Aenea,
1863 2848 1934 2908 de
1958 2846 2101 2926 ‘qno
2156 2852 2213 2908 in
2273 2849 2676 2928 superioribus
2731 2850 2904 2911 latius
2965 2860 3175 2912 tracta·

586 2950 789 3009 vimus.
1551 2955 1566 2983 ·“
3190 2979 3242 3018 25

753 3050 1015 3111 Nutrix
1069 3069 1217 3128 quae
1265 3068 1403 3129 pars
1446 3050 1727 3111 orationis
1771 3047 1906 3111 est?
1978 3050 2221 3110 Nomen.
2305 3049 2537 3122 Quale?
2616 3053 3036 3132 Appellativum
3083 3054 3171 3131 vel

583 3151 977 3212 derivativum.
1069 3152 1247 3211 Cuius
1292 3151 1510 3231 speciei
1555 3150 2046 3212 derivativorum?
2091 3151 2367 3213 Verbalis.
2450 3153 2536 3212 Ex
2569 3171 2685 3231 quo
2721 3155 2896 3216 verbo
2942 3174 3172 3217 mascu-

584 3252 766 3313 linum
822 3253 947 3313 eius
995 3249 1004 3334 Ι
1057 3251 1359 3314 nascitur?
1441 3255 1485 3312 A
1531 3253 1744 3314 nutrio.
1830 3253 2022 3313 solent
2084 3262 2275 3314 autem
2341 3254 2401 3314 in
2462 3261 2554 3314 tor
2611 3255 2860 3317 verbalia
2929 3258 2986 3317 in
3062 3257 3169 3317 trix

583 3355 775 3414 tacere
834 3353 1109 3413 feminina
1159 3363 1377 3414 mutata
1424 3372 1492 3414 or
1533 3354 1591 3414 in
1638 3354 1753 3426 rix,
1806 3362 1869 3414 ut
1910 3354 2096 3415 lector
2139 3354 2374 3429 lectrix,
2419 3364 2646 3417 amator
2690 3358 2952 3430 amatrix,
2997 3372 3207 3419 accu-·

581 3463 742 3516 sator
781 3455 1124 3515 accusatrix.
1208 3455 1266 3515 in
1326 3474 1501 3534 supra
1563 3454 1720 3515 dicto
1770 3474 1906 3515 vero
1947 3457 2276 3535 euphoniae
2322 3476 2497 3518 causa
2540 3457 2627 3517 vel
2675 3458 3059 3533 alternitatis,
3104 3460 3236 3523 idso

582 3565 674 3617 est
715 3549 1258 3637 παραλληλότητος,
1306 3557 1377 3616 tri
1424 3555 1641 3634 sfllaba
1690 3556 1989 3617 subtracta
2035 3567 2126 3619 est
2179 3567 2381 3618 contra
2419 3559 2697 3637 regulam.
2787 3560 2932 3620 Cum
2984 3562 3170 3621 nutri·

582 3666 675 3718 tor
718 3658 871 3718 enim
926 3658 1000 3718 sit
1042 3657 1462 3730 masculinum,
1510 3656 1709 3717 debuit
1753 3657 2096 3719 femininum
2146 3661 2414 3720 nutritrix
2461 3679 2624 3734 esse,
2683 3660 2786 3721 sed
2835 3660 3167 3723 absurditas

451 3770 550 3821 153
581 3761 711 3822 soni
749 3760 958 3821 minuit
1001 3758 1294 3837 syllabam.
1364 3760 1408 3817 A
1453 3775 1569 3834 quo
1603 3758 1778 3818 verbo
1815 3760 2148 3820 derivatur?
2226 3764 2270 3821 A
2304 3762 2498 3822 nutrio
2543 3762 2731 3822 nutris
2776 3764 2976 3823 nutrit.
3056 3763 3169 3824 De-

578 3861 728 3922 clina
777 3861 1032 3921 verbum.
1120 3859 1325 3919 Nutrio
1380 3858 1617 3919 verbum
1682 3860 1933 3920 activum
1991 3861 2300 3923 indicativo
2361 3863 2536 3924 modo
2607 3863 2822 3924 dictum
2885 3865 3165 3945 temporis

577 3963 906 4042 praesentis
946 3961 1172 4022 numeri
1207 3960 1520 4038 singularis
1551 3961 1769 4037 figurae
1809 3961 2092 4041 simplicis
2138 3964 2564 4040 coniugationis
2593 3973 2833 4043 quartae
2875 3984 3163 4045 personae
3182 3990 3235 4032 ar»

579 4063 831 4142 primae,
888 4062 1044 4140 quod
1097 4061 1482 4122 declinabitur
1531 4061 1652 4136 sic,
1713 4063 1905 4123 nutrio
1961 4065 2149 4124 nutris
2205 4065 2389 4125 nutrit
2444 4066 2735 4127 nutrimus
2779 4068 3012 4128 nutritis
3058 4087 3166 4129 nu·

580 4164 789 4236 triunt,
858 4164 1063 4223 eodem
1118 4164 1294 4225 modo
1351 4170 1613 4242 tempore
1675 4165 1991 4242 praeterito
2061 4165 2406 4244 imperfecto
2463 4168 2793 4229 nutriebam
2860 4168 3164 4230 nutriebas

577 4265 874 4325 nutriebat
930 4264 1330 4325 nutriebamus
1403 4264 1749 4325 nutriebatis
1814 4266 2188 4340 nutriebant,
2246 4268 2559 4347 praeterito
2616 4271 2877 4348 perfecto
2952 4271 3163 4331 nutrivi

578 4366 869 4427 nutrivisti
908 4366 1147 4427 nutrivit
1183 4364 1532 4426 nutrivimus
1571 4366 1892 4427 nutrivistis
1934 4367 2301 4429 nutriverunt
2345 4369 2430 4429 vel
2478 4370 2800 4445 nutrivere,
2849 4371 3164 4451 praeterito

578 4468 1153 4547 plusquamperfecto
1197 4467 1550 4528 nutriveram
1593 4466 1918 4529 nutriveras
1965 4470 2284 4530 nutriverat
2325 4471 2753 4533 nutriveramus
2793 4473 3161 4534 nutriveratis
3181 4492 3234 4533 4ο

716 4654 747 4700 2
779 4652 912 4714 quod
942 4651 1086 4700 facile
1117 4652 1160 4702 G
1300 4653 1333 4703 5
1355 4652 1624 4703 manifesto
1653 4653 1695 4701 G
1723 4636 1730 4642 ⁹
1835 4654 1868 4705 6
1896 4658 2051 4719 supra
2083 4656 2330 4704 dictorum
2362 4657 2490 4707 CGS
2635 4658 2695 4708 12
2726 4661 2811 4722 qui
2848 4676 2998 4710 casus
3024 4675 3161 4709 com-

578 4735 758 4770 munes
802 4730 919 4769 sunt
956 4722 997 4770 S
1033 4723 1120 4784 qui
1155 4731 1274 4770 sunt
1312 4737 1605 4772 communes
1645 4724 1687 4772 C
1722 4739 1851 4786 quae
1886 4734 2005 4773 sunt
2043 4727 2327 4786 communie
2357 4727 2400 4776 G
2542 4729 2611 4777 20
2641 4743 2784 4780 mens
2811 4731 2853 4780 S
2875 4744 3049 4779 mensa
3078 4730 3160 4780 OG

717 4790 784 4837 24
825 4788 874 4835 iu
911 4789 1276 4853 superioribus]
1316 4805 1370 4851 p.
1401 4790 1504 4841 482
1644 4791 1713 4841 30
1749 4807 1871 4841 uero
1897 4794 1939 4844 S
1970 4794 2127 4843 uerbo
2156 4794 2241 4844 CG
