3576 5595
1353 400 1576 464 LIBER
1626 403 1756 477 xm
1797 412 2030 467 29—33
2905 406 2980 467 21

502 532 541 573 p.
574 519 662 560 97¹.
693 520 743 559 72
770 519 819 559 P.
2557 532 2603 573 p.
2631 522 2719 560 577.
2749 522 2798 561 78
2828 521 2883 563 Κ.

396 594 639 673 piuntur
705 590 1041 661 nominum,
1103 591 1297 667 itaque
1350 589 1543 650 finitas
1587 590 1825 668 exigunt
1882 590 1991 651 sibi
2046 610 2364 669 personaS,
2431 610 2579 670 quas
2633 591 2856 653 nullum
2919 613 2990 654 ex

401 713 576 773 supra
621 692 792 753 dictis
832 699 1027 771 potest
1072 691 1288 751 habere
1334 692 1685 753 nominibus
1777 692 1916 769 quid
1958 700 2151 752 autem
2222 692 2307 753 sic
2365 694 2749 771 incongruum
2813 713 2986 772 quam
3024 711 3090 765 32

400 796 594 858 omnia
639 812 1013 854 numerorum
1068 793 1300 854 nomina
1346 794 1477 854 sine
1521 793 1698 854 dubio
1744 795 1817 854 ab
1877 795 2146 855 omnibus
2191 794 2427 855 nomina
2482 795 2698 875 accipi,
2760 799 2985 858 ‘unus'

400 906 593 958 autem
655 904 713 956 et
759 894 981 955 ‘alter’
1040 903 1098 955 et
1142 895 1343 956 ‘uter’
1394 904 1451 955 et
1494 896 1725 957 ‘solus'
1775 893 2199 977 declinatioflnis
2243 916 2417 957 causa
2463 897 2808 977 pronomina
2853 917 2986 959 esse

344 1015 372 1053 5
403 997 654 1080 putare?
741 997 829 1057 sin
887 1006 1080 1059 autem
1137 996 1195 1056 in
1254 997 1642 1058 declinatione
1711 998 1797 1057 vel
1858 998 2211 1059 derivatione
2268 998 2551 1075 quaedam
2604 999 2987 1078 inaequalitas

402 1100 724 1172 invenitur,
788 1106 851 1159 ut
908 1098 1074 1176 ‘quis
1123 1116 1270 1175 quae
1315 1099 1508 1178 quod,
1579 1096 1726 1159 alius
1784 1098 1891 1159 alia
1951 1099 2164 1172 aliud',
2220 1099 2361 1160 nihil
2416 1100 2663 1175 mirum,
2735 1120 2868 1160 cnm
2926 1102 2986 1162 in

403 1201 678 1263 omnibus
727 1199 992 1279 partibus
1031 1200 1346 1274 orationis,
1403 1200 1476 1261 de
1521 1200 1733 1277 quibus
1776 1201 1933 1261 nulla
1983 1201 2266 1262 dubitatio
2306 1210 2429 1274 est,
2491 1203 2602 1261 boc
2644 1201 2988 1275 inveniatur,

406 1313 470 1364 ut
513 1304 570 1363 in
616 1301 982 1363 nominibus:
1041 1301 1341 1381 ‘supellex
1393 1289 1807 1381 supellectiliS,
1866 1304 2083 1382 hospes
2125 1302 2385 1382 hospita,
2442 1302 2676 1379 gracilis
2714 1303 2989 1381 gracila’,

404 1408 461 1466 in
510 1402 956 1486 pronominibus
1000 1404 1197 1483 ‘ipse'
1240 1404 1327 1463 vel
1381 1403 1582 1483 ‘ipsus
1637 1404 1762 1484 ipsa
1811 1405 2005 1484 ipsum
2025 1410 2068 1478 ⁹,
2120 1405 2176 1464 in
2232 1403 2422 1465 verbis
2467 1407 2634 1465 ‘sum
2693 1405 2806 1477 fui,
2865 1408 2988 1466 sero

325 1520 377 1560 ¹0
405 1506 569 1568 tuli'.

573 1607 721 1668 Illud
777 1624 1010 1686 quoque
1057 1607 1289 1685 quidam
1354 1606 1649 1679 obiciunt,
1720 1609 1877 1686 quod
1932 1607 2351 1668 demonstratio
2405 1609 2639 1687 propria
2699 1617 2790 1669 est
2850 1628 2988 1689 pro-

406 1711 736 1781 nominum,
797 1716 858 1769 ut
914 1707 1097 1782 ‘liic',
1157 1727 1297 1785 ergo
1368 1716 1425 1767 et
1495 1707 1693 1782 ttalis,
1767 1712 2018 1781 tantus’,
2089 1709 2191 1768 sed
2254 1709 2418 1770 I'also.
2523 1729 2657 1770 nam
2715 1710 2987 1771 adverbia

370 1820 638 1890 'quoque
683 1809 1061 1871 inveniuntur
1095 1809 1583 1880 demonstrativa,
1633 1819 1697 1870 nt
1735 1811 1879 1884 ἐπι,
1926 1815 2136 1885 ecce';
2179 1829 2316 1887 ergo
2356 1818 2415 1870 et
2457 1811 2692 1872 nomina
2739 1819 2989 1890 possunt

408 1934 541 1975 esse
597 1911 1080 1983 demonstrativa,
1138 1920 1197 1971 et
1257 1910 1601 1990 pronomina
1670 1920 1862 1971 tamen
1910 1911 2280 1972 inveniuntur
2322 1912 2580 1973 carentia
2625 1911 2992 1973 demonstra·

333 2039 382 2078 ιε
410 2018 601 2088 tione,
657 2033 806 2092 quae
865 2023 1000 2074 sunt
1061 2012 1328 2084 relativa,
1381 2021 1443 2072 ut
1487 2012 1572 2072 ‘is
1615 2013 1705 2073 sui
1728 2017 1766 2071 ⁹.
1859 2013 1972 2073 hoc.
2025 2022 2219 2073 antem
2274 2011 2517 2074 interest
2561 2014 2714 2074 inter
2749 2014 2992 2075 demon·
3027 2031 3094 2084 33

408 2117 748 2179 strationem
795 2116 1096 2177 nominum
1129 2123 1187 2175 et
1222 2114 1667 2194 pronominum,
1712 2116 1865 2191 quod
1911 2115 2001 2187 id,
2046 2115 2202 2192 qnod
2231 2116 2666 2176 demonstratur
2708 2135 2814 2196 per
2858 2135 2993 2195 pro-

409 2239 645 2291 nomen,
692 2217 882 2278 solum
927 2215 1253 2276 ostenditur
1299 2234 1403 2294 per
1447 2236 1511 2275 se
1556 2234 1666 2274 nec
1708 2215 1780 2275 ad
1825 2215 2000 2276 alium
2046 2216 2299 2295 pertinet
2342 2216 2724 2289 extrinsectiS‚
2759 2216 2913 2293 quod
2961 2214 2987 2301 ΙΙ

410 2340 544 2380 vero
604 2339 710 2399 per
762 2335 1006 2391 nomen,
1069 2336 1188 2376 non
1232 2316 1421 2377 solum
1469 2316 1766 2395 ipsorum,
1826 2335 1974 2393 quae
2017 2318 2438 2391 ostenduntur,
2498 2317 2601 2377 sed
2648 2318 2822 2377 etiam
2866 2317 2994 2378 illo·

408 2441 569 2494 rum,
614 2420 685 2479 ad
725 2438 873 2497 quos
912 2419 1275 2491 reseruntur,
1336 2417 1893 2478 demonstrationem
1940 2418 2144 2492 habet,
2193 2428 2257 2479 ut
2299 2419 2466 2479 ‘talis
2513 2418 2769 2497 Pyrrhus
2813 2438 2993 2498 appa-

330 2545 381 2584 ιο
408 2534 527 2595 ret,
574 2521 761 2600 qualis
806 2528 971 2600 pater
1013 2520 1197 2591 eius',
1244 2527 1303 2579 et
1344 2519 1498 2597 quod
1546 2519 1894 2598 pronomina
1941 2521 2391 2581 demonstrativa
2439 2520 2497 2580 iu
2540 2520 2747 2581 eodem
2778 2538 2993 2595 genere

409 2635 468 2686 et
521 2644 765 2686 numero
825 2629 1091 2693 manent,
1145 2621 1243 2698 qui
1292 2621 1758 2694 demonstratur,
1809 2622 2043 2682 nomina
2096 2641 2232 2682 vero
2285 2621 2737 2682 demonstrativa
2784 2639 2992 2701 possu-

407 2747 540 2788 mus
597 2726 824 2787 diversa
884 2723 1266 2784 ostendentes
1323 2722 1395 2782 ad
1445 2720 1670 2783 diversa
1728 2724 1979 2796 referre,
2027 2733 2087 2783 ut
2132 2723 2180 2784 si
2225 2722 2580 2804 aspicientes
2630 2741 2788 2783 mare
2835 2722 2994 2783 dica-

408 2851 572 2903 mus,
620 2828 793 2889 talem
833 2845 964 2888 esse
1008 2826 1236 2897 Nilum,
1282 2844 1414 2886 cum
1457 2825 1531 2885 sit
1579 2825 1746 2885 Nilus
1793 2825 2133 2898 masculini,
2193 2845 2353 2887 mare
2397 2835 2592 2888 autem
2630 2825 2852 2897 neutri,
2907 2824 2992 2884 iel

412 2933 460 2993 si
507 2932 639 3009 quis
682 2930 837 2990 dic-at
881 2936 1132 2987 statuam
1174 2926 1443 2987 Herculis
1488 2946 1758 2998 cernenS‚
1806 2927 1990 2987 ‘tanti
2031 2928 2268 2988 suerunt
2311 2927 2424 2988 mei
2464 2934 2768 3008 parenteS,
2815 2944 2997 3003 quan-

336 3052 385 3091 25
416 3043 509 3093 tus
570 3033 679 3091 iste
738 3029 1086 3104 Hercules'3
1136 3048 1271 3090 cum
1327 3029 1482 3089 enim
1536 3046 1714 3088 unum
1768 3027 2045 3107 aspiciat,
2102 3029 2310 3107 plurali
2359 3029 2440 3091 uti
2490 3037 2685 3109 potest
2730 3046 2993 3088 numero.

413 3135 461 3196 si
523 3134 696 3212 igitur
741 3131 1133 3192 similitudinis
1179 3150 1356 3191 causa
1415 3129 1819 3191 huiuscemodi
1869 3130 2168 3191 nominum
2230 3130 2757 3191 demonstrationes
2802 3130 2998 3208 profe-

411 3244 649 3307 runtur,
714 3252 862 3310 quae
913 3241 1004 3292 est
1058 3233 1116 3292 in
1164 3232 1458 3292 communi
1505 3231 1783 3309 qualitate
1836 3230 1926 3291 vel
1967 3232 2318 3309 quantitate,
2377 3249 2490 3308 qua
2536 3239 2737 3291 carent
2780 3249 2997 3309 prono-

412 3338 601 3406 mina,
646 3354 795 3412 quae
838 3332 1120 3394 dubitatio
1157 3342 1275 3406 est,
1319 3334 1553 3394 nomina
1598 3333 1782 3410 magis
1830 3333 1975 3393 baec
2020 3353 2153 3394 esse
2195 3331 2580 3413 appellativa?
2667 3331 2863 3407 itaque
2908 3330 2998 3390 in-

414 3444 832 3517 terpretantes:
882 3434 1053 3512 ‘quid
1101 3443 1190 3494 est
1223 3434 1351 3495 talis
1396 3435 1483 3494 vel
1529 3433 1804 3495 tantns‘P
1851 3435 2099 3495 dicimus
2142 3434 2381 3495 ‘similis
2420 3433 2586 3504 liuic,
2632 3433 2705 3492 de
2752 3450 2866 3510 qno
2910 3432 2996 3491 lo-

337 3564 385 3601 30
412 3540 698 3619 quinnir’.
790 3556 928 3615 ergo
971 3555 1105 3596 cum
1153 3536 1521 3613 adiungimus
1565 3536 1953 3597 substantiam
2007 3535 2302 3615 qualitati,
2350 3585 2376 3594 -
2420 3553 2554 3595 nam
2600 3533 2808 3594 ‘huic'
2858 3531 2999 3593 sub-

553 3727 576 3776 1
613 3740 858 3791 personas
893 3742 1125 3775 nunu
1162 3737 1287 3784 quas
1327 3722 1373 3770 L
1548 3725 1580 3772 2
1617 3738 1765 3786 quam
1799 3724 2021 3772 omnium
2058 3737 2380 3772 numerorum
2417 3724 2465 3771 D
2635 3723 2668 3771 4
2706 3729 2819 3769 uter
2855 3719 2998 3769 solus

414 3848 468 3896 H
604 3849 636 3896 5
686 3819 861 3912 putari·
900 3847 943 3894 D
1088 3843 1158 3891 De
1203 3842 1556 3904 inaequalitate
1606 3843 1653 3891 in
1706 3844 2012 3906 quibusdam
2052 3843 2282 3910 partibus
2323 3844 2477 3895 inser.
2521 3844 2538 3890 l
2677 3841 2757 3890 vel
2796 3840 2996 3888 deriva-

412 3966 569 4031 tione]
614 3982 705 4016 om.
755 3965 991 4020 Heidelb.
1042 3972 1170 4014 teste
1225 3964 1373 4015 Lind.
1425 3926 1501 4012 ne¹
1540 3926 1859 4014 dririuatione
1895 3965 1972 4014 Rr-
2113 3965 2147 4013 6
2184 3960 2342 4027 quod]
2390 3962 2512 4024 quid
2552 3962 2594 4011 G
2718 3961 2783 4008 ·in
2820 3975 2914 4008 om.
2951 3959 2997 4007 R

414 4038 534 4086 add.
575 4053 605 4084 r
764 4036 797 4084 8
834 4034 1105 4100 suppellex
1143 4033 1402 4083 BHGLK
1557 4034 1932 4098 suppellectilis
1969 4034 2118 4084 GLK
2274 4047 2430 4096 ospes
2469 4032 2636 4096 ospita
2674 4030 2824 4079 GLK
2962 4030 2997 4079 9

412 4103 822 4172 pronominibus]
864 4123 891 4153 r
926 4104 1216 4154 nominibus
1250 4105 1294 4152 lt
1434 4100 1600 4168 ipsus]
1642 4104 1806 4167 ipsius
1835 4103 1886 4151 B
2030 4102 2094 4152 10
2128 4098 2243 4165 tuli]
2284 4101 2322 4149 d
2356 4101 2444 4150 tali
2481 4104 2529 4150 D
2676 4099 2732 4148 ll
2769 4099 2996 4147 adiciunt

412 4181 463 4225 in
501 4180 653 4225 litura
689 4174 719 4221 le
859 4176 1077 4238 proprize
1111 4173 1160 4222 B
1303 4172 1366 4221 12
1404 4187 1527 4237 ergo
1567 4181 1615 4223 et
1658 4171 1775 4220 talis
1814 4180 1861 4222 et
1897 4171 1996 4220 BD
2137 4172 2209 4221 De
2246 4170 2362 4220 aliis
2401 4169 2693 4220 nominibus
2725 4175 2772 4216 et
2810 4182 2996 4232 prouo-

417 4248 634 4295 minibns
679 4245 742 4292 ab
794 4244 1053 4292 aduerbiis
1094 4242 1519 4294 demonstratiuis*
1549 4245 1704 4292 inser.
1743 4244 1761 4289 ἱ
1929 4242 1990 4292 13
2034 4251 2152 4304 post
2191 4240 2614 4291 demonstratiua:
2663 4245 2716 4285 ut
2752 4237 2997 4286 en—de-

414 4317 745 4365 monstratina
783 4329 874 4362 om.
914 4315 1005 4363 BG
1040 4313 1162 4365 add.
1204 4329 1265 4376 ry
1387 4313 1447 4362 15
1485 4309 1679 4376 autem]
1718 4320 1884 4360 tamen
1923 4309 2129 4361 BHLK
2272 4311 2334 4359 17
2372 4311 2439 4360 ad
2475 4305 2654 4372 aliurn]
2693 4322 2722 4354 r
2751 4307 2818 4356 ad
2855 4306 2996 4356 aliud

414 4436 565 4485 GLK
600 4434 757 4484 alium
793 4434 838 4483 R
1019 4432 1081 4482 18
1109 4447 1230 4482 uero
1270 4448 1549 4499 pronomen
1590 4434 1634 4481 L
1816 4430 1878 4481 19
1917 4430 2130 4480 refertur
2169 4430 2218 4479 B
2356 4393 2537 4494 pyrrius
2577 4391 2905 4493 Dlpbirrhus
2941 4428 3000 4476 H

416 4504 617 4568 pirrhus
650 4505 703 4553 K
852 4511 1122 4568 appareret
1166 4505 1212 4553 L
1363 4511 1574 4568 apparet
1607 4525 1631 4551 a
1681 4502 1847 4564 qualis
1887 4502 1938 4550 K
2089 4500 2150 4550 21
2191 4514 2463 4564 possumus
2503 4499 2704 4547 diuersa
2749 4511 2997 4562 posumus

415 4574 740 4623 ostendentes
780 4573 1015 4636 (diuersa
1044 4574 1092 4620 in
1132 4571 1256 4636 my.)
1295 4574 1342 4622 L
1492 4575 1559 4622 22
1599 4573 1663 4621 ad
1701 4573 1935 4633 diuersas
1964 4572 2042 4621 Ην
2196 4567 2263 4619 23
2311 4568 2462 4617 talem
2514 4577 2562 4618 et
2613 4568 2769 4616 nilum
2814 4567 2857 4614 G

417 4640 603 4707 neutri]
640 4645 677 4690 d
711 4657 830 4692 nen
868 4642 915 4690 Ι)
1055 4644 1121 4691 24
1159 4643 1201 4689 si
1240 4657 1404 4704 ,ψει-ν.
1447 4658 1475 4688 r
1614 4643 1812 4690 l'uernnt
1848 4657 1918 4690 ex
1954 4640 2154 4690 fuerant
2190 4654 2324 4687 corr.
2365 4638 2412 4687 L
2551 4638 2617 4689 25
2654 4636 2890 4686 hercules
2925 4649 2996 4682 ex

416 4711 654 4760 liereulus
701 4727 835 4760 eor-r.
885 4711 941 4760 H
1089 4725 1240 4760 unum
1291 4726 1446 4759 nuum
1501 4713 1543 4761 R
1582 4726 1733 4760 unam
1782 4709 1934 4760 GLK
2072 4717 2237 4774 potest
2274 4709 2345 4756 nti
2386 4708 2537 4757 GLK
2673 4707 2739 4757 27
2780 4721 2909 4766 quae
2946 4705 2994 4750 in

415 4783 462 4832 L
604 4795 868 4829 commune
904 4781 954 4828 B
1072 4780 1149 4828 vel
1191 4777 1492 4845 quantitate]
1534 4798 1562 4829 r
1598 4780 1677 4830 nel
1715 4779 1955 4842 qualitate
1991 4779 2038 4828 lt
2177 4778 2245 4826 28
2283 4777 2353 4827 De
2389 4777 2507 4825 aliis
2548 4775 2837 4826 nominibus
2868 4787 2996 4835 qnae

418 4885 505 4934 alii
540 4886 844 4950 pronomina
878 4900 991 4936 esse
1029 4892 1320 4935 auctumant
1346 4886 1505 4936 inser.
1544 4886 1564 4933 l
1727 4884 2123 4948 interpretantes
2155 4881 2207 4930 B
2344 4879 2414 4931 30
2448 4855 2557 4946 Εὲο
2594 4880 2656 4930 H
