3576 5595
1062 1178 1189 1274 DE
1256 1177 1628 1274 METRlS
1692 1177 2305 1273 FABVLARVM
2367 1178 2861 1274 TERENTll.

1781 1401 2137 1411 *—

763 1516 941 1568 ρ.1319.
965 1516 1015 1554 ‘20
1037 1515 1080 1555 Ρ.
1342 1523 1352 1530 ·
2877 1529 2917 1568 p.
2943 1516 3030 1556 103.
3053 1516 3077 1554 4
3102 1515 3158 1555 Κ.

538 1611 627 1663 11
840 1605 982 1664 Cum
1050 1622 1168 1664 non
1226 1603 1416 1664 solum
1466 1602 1775 1663 Terentius
1833 1604 1936 1664 sed
1992 1604 2175 1664 -etiam
2233 1604 2471 1665 Plautus
2532 1611 2588 1663 et
2645 1603 2871 1664 Ennius
2927 1604 3270 1680 Acciusque

664 1717 722 1766 et
767 1706 1015 1765 Naevius
1075 1714 1249 1782 atque
1306 1705 1590 1764 Pacuvius
1646 1704 2060 1783 Turpiliusque
2125 1716 2183 1766 et
2242 1725 2448 1785 omnes
2503 1716 2619 1765 tam
2685 1705 3021 1765 comoediae
3077 1722 3265 1781 quam

663 1807 993 1884 tragoediae
1044 1807 1253 1867 veteris
1295 1806 1534 1866 Latinae
1578 1806 1898 1885 scriptores
1957 1807 2162 1868 eodem
2209 1808 2378 1867 metri
2428 1807 2602 1867 modo
2656 1806 2883 1866 iambici
2942 1815 3081 1866 sunt
3144 1804 3263 1876 usi,

665 1919 727 1969 ut
771 1908 1042 1969 clunibus
1089 1909 1145 1968 in
1195 1909 1340 1968 locis
1382 1909 1783 1969 indifferenter
1828 1918 2115 1986 ponerent
2157 1910 2414 1986 quinque
2476 1909 2685 1987 pedeS‚
2747 1909 2800 1967 id
2860 1917 2951 1966 est
2995 1907 3261 1967 iambum
3293 1923 3317 1960 ⁵

663 2009 749 2069 vel
794 2010 1150 2070 tribrachum
1198 2007 1284 2068 vel
1317 2018 1696 2087 anapaestum
1734 2009 1820 2068 vel
1851 2009 2136 2088 dactylum
2174 2011 2259 2069 vel
2293 2009 2652 2089 spondeum,
2700 2008 2922 2086 absque
2954 2018 3262 2087 postremo

456 2135 541 2219 s
659 2111 822 2183 loce,
878 2110 935 2169 iu
982 2129 1098 2188 quo
1144 2109 1230 2169 vel
1284 2109 1537 2170 iambum
1569 2093 1673 2169 ⁴vel
1719 2110 2070 2189 pyrrichium
2117 2091 2454 2171 omnimodo
2513 2111 2785 2189 posuisse
2849 2109 3261 2183 inveniuntur;

660 2212 841 2272 miror
886 2212 1170 2288 quosdam
1218 2210 1306 2270 vel
1355 2211 1645 2287 abnegare
1686 2231 1821 2270 esse
1867 2211 1924 2271 in
1960 2212 2216 2273 Terentii
2257 2212 2577 2273 comoediis
2615 2220 2798 2271 metra
2844 2211 2932 2271 vel
2978 2231 3043 2270 ea
3086 2210 3259 2287 quasi

660 2332 871 2372 arcana
916 2312 1201 2389 quaedam
1248 2321 1306 2370 et
1349 2312 1421 2370 ab
1471 2312 1742 2372 omnibus
1787 2312 1977 2373 doctis
2030 2322 2252 2374 semota
2299 2313 2409 2374 sibi
2470 2312 2611 2373 solis
2656 2332 2788 2373 esse
2835 2314 3065 2390 cognita
3114 2331 3261 2371 con-

661 2415 911 2474 firmare.
1003 2431 1253 2491 quorum
1296 2422 1358 2472 ut
1400 2413 1486 2472 vel
1529 2413 1850 2493 imperitiae
1895 2415 1981 2473 vel
2026 2417 2389 2491 arrogantiae
2430 2414 2629 2475 vitium
2681 2414 3060 2489 effugiamuS‚
3119 2412 3256 2472 bre·
3283 2427 3330 2469 ιο

661 2515 807 2575 viter
852 2515 923 2573 de
968 2533 1143 2593 supra
1193 2514 1480 2574 dictorum
1526 2515 1730 2573 metris
1762 2523 2064 2574 auctorum
2097 2534 2487 2594 exponamuS‚
2517 2515 2886 2575 testimoniis
2924 2515 3096 2574 etiam
3135 2532 3260 2573 me-

664 2616 945 2675 tricorum
993 2633 1324 2692 nsuumque
1365 2615 1887 2695 approbationibus
1935 2623 2184 2675 utentes.

598 2718 631 2767 2
833 2715 1152 2777 Sciendum
1196 2717 1400 2794 igitur,
1441 2714 1452 2799 Ι
1492 2717 1646 2794 quod
1696 2714 1924 2777 iambici
1975 2736 2176 2776 versus
2223 2717 2307 2776 vel
2347 2719 2694 2778 monometri
2737 2726 2874 2778 sunt
2913 2736 2984 2777 ex
3025 2716 3256 2777 duobus

664 2816 912 2898 pedibus
957 2819 1321 2897 simplicibus
1361 2819 1690 2879 coniunctis
1735 2818 1825 2877 vel
1882 2819 2113 2879 dimetri
2172 2839 2238 2879 ex
2282 2830 2559 2897 quattuor
2604 2820 2688 2879 vel
2741 2820 2984 2879 trimetri
3031 2838 3100 2878 ex
3154 2837 3253 2878 sex

664 2921 752 2980 vel
798 2920 1115 2981 tetrametri
1158 2939 1227 2980 ex
1265 2929 1430 2980 octo:
1483 2940 1617 2981 nam
1664 2921 2014 3000 pentametri
2059 2930 2116 2980 et
2157 2920 2472 2981 hexametri
2517 2922 2814 2982 rarissime
2860 2919 3249 2981 inveniuntur.
3284 2941 3328 2977 ιτ)

664 3042 804 3100 ergo
850 3022 1128 3082 trimetris
1175 3030 1231 3081 et
1275 3022 1625 3083 tetrametris
1675 3023 2012 3099 frequenter
2068 3030 2311 3083 utuntur
2352 3024 2593 3091 comici,
2654 3023 2782 3082 aliis
2841 3042 2975 3082 vero
3026 3042 3157 3082 raro
3198 3027 3257 3081 et

664 3126 722 3185 in
771 3123 963 3184 medio
1005 3123 1290 3201 dispersis
1341 3118 1868 3204 profluuntiationis
1922 3123 2238 3201 rythmicae
2292 3143 2464 3184 causa
2520 3134 2578 3183 et
2632 3124 3039 3184 distinctionis,
3126 3124 3255 3183 ideo

663 3234 858 3286 autem
906 3225 1234 3305 spondeum
1282 3225 1370 3285 vel
1421 3225 1709 3303 dactylum
1758 3225 1815 3284 in
1863 3224 2124 3285 secundo
2172 3224 2257 3284 vel
2298 3234 2505 3303 quarto
2544 3225 2673 3286 loco
2712 3233 3052 3305 posuerunt,
3096 3224 3252 3303 quod

662 3320 1012 3387 invenerunt
1056 3328 1230 3386 etiam
1275 3326 1428 3406 apud
1477 3326 1732 3386 Graecos
1776 3325 2036 3385 comicos
2082 3327 2545 3398 vetustissimo&
2594 3327 2857 3405 quamvis
2901 3344 3067 3398 rare,
3129 3325 3252 3386 lieri

664 3436 857 3489 tamen
898 3426 1010 3488 hoc
1055 3427 1227 3488 idem.
1305 3436 1367 3487 ut
1405 3426 1596 3487 solent
1635 3436 1828 3486 antem
1863 3426 2051 3487 Latini
2098 3428 2154 3488 in
2196 3428 2394 3488 multis
2435 3427 2659 3488 initium
2700 3427 2915 3506 aliquid
2961 3426 3252 3505 aecipieu-
3272 3446 3324 3486 πο

665 3537 754 3589 tes
798 3548 829 3588 a
884 3529 1131 3589 Graecis·
1165 3528 1237 3601 ab
1284 3536 1534 3603 angusto
1575 3527 1635 3587 in
1677 3529 1927 3587 effusum
1972 3527 2240 3588 licentiae
2299 3529 2553 3607 spatium
2608 3529 2720 3590 hoe
2763 3528 3036 3600 dilatare,
3110 3546 3254 3606 quo-

662 3630 837 3691 modo
884 3631 1148 3690 fecerunt
1191 3629 1248 3688 in
1296 3638 1461 3689 sexto
1516 3648 1656 3690 casu
1704 3628 2037 3713 secundum
2088 3630 2514 3691 vetustissimos
2557 3632 2911 3691 Graecorum
2967 3646 3254 3707 gramma-

664 3731 1150 3792 ticos—sextum
1197 3732 1348 3791 enim
1398 3750 1601 3791 casum
1649 3729 1730 3790 illi
1776 3729 2052 3790 dicebant
2087 3727 2301 3808 ἐμέθεν
2345 3730 2525 3790 σέθεν
2567 3729 2743 3805 ἕθεν,
2803 3732 2857 3791 id
2908 3739 2996 3790 est
3055 3750 3084 3789 a
3139 3747 3250 3799 me,

662 3852 692 3893 a
742 3841 827 3906 te,
874 3851 904 3893 a
959 3851 1056 3905 se,
1104 3851 1276 3910 quem
1323 3833 1380 3891 iu
1427 3833 1702 3892 omnibus
1741 3832 2074 3892 casualibus
2121 3843 2494 3893 servaverunt
2541 3834 2749 3893 Latini.
2839 3831 3105 3891 similiter
3146 3830 3254 3890 im-

663 3933 994 4013 personalia
1037 3953 1067 3992 a
1120 3934 1335 4023 paucis
1379 3933 1618 3993 Graecis
1665 3941 1941 4011 accepta,
2001 3934 2059 3993 id
2106 3944 2196 3995 cst
2251 3923 2371 3992 ἀπὸ
2416 3935 2519 3992 τοῦ
2566 3932 2681 4003 δεῖ,
2741 3926 2878 4010 χρή,
2936 3931 3127 4008 μέλει,
3192 3931 3249 3990 in
3270 3953 3321 4016 ‚²⁵

596 4042 629 4094 3
664 4035 936 4095 omnibus
998 4035 1118 4094 sere
1175 4035 1375 4095 activis
1432 4043 1490 4093 et
1543 4035 1765 4095 neutris
1827 4035 2062 4095 habent.
2154 4053 2460 4113 s‘quoque
2516 4054 2649 4096 eum
2702 4034 2998 4096 rarissime
3049 4053 3254 4093 neces·-

665 4138 835 4198 sitate
897 4134 1150 4196 nominis
1207 4135 1319 4195 vim
1380 4135 1762 4195 consonantis
1821 4136 2031 4197 amittit
2087 4136 2242 4215 apud
2304 4138 2590 4210 Graecos,
2652 4144 2715 4197 ut
2776 4136 3134 4196 Homerus
3189 4134 3248 4193 in
3335 4218 3338 4221 Ι

667 4238 975 4299 Boeotia

1817 4314 2405 4399 πολυστάφυλόν
2449 4312 2511 4379 θ’
2552 4312 2949 4401 Ἰστιαίαν,

805 4529 837 4575 2
875 4535 923 4573 et
957 4535 1072 4576 aule
1114 4525 1307 4575 Ennius
1341 4541 1431 4575 om.
1473 4525 1567 4574 RA
1709 4527 2016 4589 accuiusque
2059 4525 2113 4576 V
2248 4528 2280 4575 4
2315 4534 2512 4575 ueteres
2546 4523 2648 4575 AB
2813 4526 2876 4575 12
2912 4540 3252 4589 uersuumque

666 4595 1076 4658 aprobationibus
1111 4595 1161 4643 B
1325 4596 1387 4644 10
1421 4596 1712 4656 frequenter
1746 4596 1845 4651 Βς
1889 4596 2206 4657 frequentius
2247 4595 2398 4644 RVA
2540 4609 2653 4644 raro
2697 4612 2790 4646 om.
2829 4595 2875 4644 R
3035 4596 3094 4644 17
3134 4609 3250 4660 pro-

667 4664 998 4712 nuntiationis
1034 4666 1123 4719 Βς
1158 4665 1655 4729 pronuntiationibus
1694 4666 1849 4713 ltVA
2016 4665 2379 4724 distinctionib3
2417 4680 2555 4713 corr.
2599 4666 2734 4714 -nis
2769 4665 2818 4715 B
2983 4665 3046 4714 18
3083 4665 3134 4712 iu
3171 4680 3252 4713 se·

664 4728 829 4780 cundo
871 4734 945 4781 vel
983 4751 1074 4784 om.
1114 4735 1297 4795 RVA,
1345 4735 1468 4784 add.
1512 4735 1611 4789 Βς
1651 4743 1699 4783 ec
1729 4736 1895 4783 codex
1935 4733 2200 4783 Leidensis
2245 4737 2394 4786 Voss.
2437 4734 2522 4785 34.
2546 4736 2576 4782 4
2721 4735 2789 4783 20
2824 4734 3029 4797 aliquod
3065 4733 3117 4782 B

666 4802 731 4849 23
770 4797 908 4849 ἕθεν
942 4801 1017 4851 bis
1051 4807 1286 4866 seriptum
1318 4812 1399 4853 eat
1440 4806 1490 4852 in
1536 4804 1635 4853 VB
1813 4806 1879 4851 24
1920 4800 2091 4866 quem]
2127 4804 2161 4864 (Ῑ
2191 4803 2240 4851 le.
2283 4822 2328 4854 e.
2372 4818 2500 4866 qnae
2539 4803 2584 4852 l<
2741 4803 2809 4853 26
2850 4802 3036 4852 habent.
3081 4819 3172 4852 om.
3202 4802 3253 4853 B

776 4869 841 4916 27
882 4870 1121 4936 nominis]
1166 4874 1407 4921 carminis
1442 4872 1528 4929 Βς
1635 4873 1687 4920 iu
1716 4873 1948 4937 Boeotia]
1977 4874 2029 4921 in
2059 4874 2174 4921 exin
2199 4872 2249 4921 B
2280 4888 2292 4921 :
2337 4872 2397 4923 ΙΙ.
2423 4872 2473 4921 Β
2503 4871 2604 4921 537
2717 4872 2784 4922 29
2823 4861 2907 4935 θ’]
2943 4888 3006 4921 τι
3043 4872 3253 4924 RVAB
