3576 5595
566 424 690 486 390
1656 421 2079 482 PRAEFATIO

568 609 736 671 eimo
781 607 1041 668 saeculo
1085 606 1331 690 scripto
1381 605 1721 690 decerptas
1765 615 1831 667 et
1876 614 2193 690 quartam,
2242 607 2308 669 in
2351 627 2482 692 qua
2527 605 2962 690 fragmentum
3010 628 3174 669 som-

570 710 658 771 nii
710 707 1036 793 Scipionis
1090 707 1435 770 undecimo
1481 708 1743 771 saeculo
1790 708 2102 793 scriptum
2143 715 2262 770 est.
2353 709 2549 771 tertia
2589 708 2836 771 eodieis
2881 730 3063 793 pars,
3109 710 3175 770 in

568 831 697 896 qua
744 808 1045 872 Goldasti
1090 830 1326 871 nomen
1369 809 1755 894 inscriptum
1807 831 1951 872 esse
1997 808 2135 872 dixi
2182 808 2391 895 praef.
2432 808 2562 871 vol.
2592 807 2620 870 I
2654 831 2716 895 p.
2745 808 2982 872 XXIII
3023 817 3177 890 not„

570 909 978 997 conplurium
1023 913 1597 994 grammaticorum
1648 911 1848 974 libros
1894 912 2213 990 continet,
2261 912 2372 995 qui
2406 932 2488 972 ne
2521 911 2645 996 ipsi
2689 910 2950 994 quidem
2982 911 3176 973 unius

569 1011 817 1075 codicis
872 1012 1022 1075 olim
1080 1013 1378 1093 fuerunt,
1450 1011 1563 1074 sed
1604 1035 1687 1075 ex
1734 1021 2069 1098 quattuor,
2135 1022 2208 1075 ut
2265 1005 2422 1074 mihi
2473 1011 2737 1096 quidem
2792 1014 3007 1077 visum
3054 1020 3176 1090 est,

570 1105 908 1176 codicibus
961 1112 1222 1176 saeculo
1267 1114 1521 1177 decimo
1577 1116 1838 1200 scriptis
1895 1113 2150 1177 collecti
2213 1122 2385 1177 sunt.
2475 1113 2765 1177 eontinet
2818 1114 2989 1176 enim
3049 1114 3176 1198 pri·

571 1237 744 1277 mum
789 1215 835 1277 f.
887 1219 962 1278 61
1004 1253 1086 1261 —
1118 1219 1197 1277 74
1261 1216 1632 1299 fragmenta
1688 1217 2303 1279 commentariorum
2347 1215 2412 1277 in
2464 1213 2791 1277 Donatum
2844 1223 2908 1278 et
2967 1236 3179 1278 uersus

572 1321 876 1379 Lactaalii
901 1321 977 1379 de
1005 1339 1121 1381 mec
1150 1321 1391 1393 foenice
1424 1318 1490 1380 in
1526 1318 1836 1381 extremis
1871 1317 2129 1379 schedis
2161 1316 2291 1379 alia
2331 1336 2527 1378 manu
2565 1317 2864 1402 scriptos.
2941 1315 3178 1380 deinde

574 1419 869 1503 sequitur
920 1440 1088 1482 unus
1134 1420 1476 1505 quaternio
1524 1418 1569 1481 f.
1618 1424 1697 1481 75
1741 1455 1814 1466 -
1856 1419 1935 1479 82
1993 1440 2078 1481 ex
2123 1417 2251 1481 alio
2295 1417 2522 1480 codiee
2577 1419 2850 1503 petitus,
2923 1421 2989 1482 in
3049 1439 3178 1503 quo

573 1520 1077 1583 commentarius
1146 1519 1227 1582 de
1288 1520 1584 1605 partibus
1647 1520 1996 1600 orationi8‚
2063 1521 2119 1582 is
2184 1519 2265 1583 de
2327 1541 2454 1604 quo
2505 1519 2642 1582 dixi
2699 1520 2902 1605 praef.
2956 1518 3085 1583 vol.
3146 1518 3178 1581 Ι

572 1644 635 1707 p.
679 1620 872 1701 XIX,
914 1623 1196 1707 scriptus
1238 1630 1368 1684 est:
1429 1622 1601 1684 hune
1649 1623 1713 1684 in
1760 1631 2055 1685 extrema
2095 1623 2337 1707 pagina
2381 1621 2660 1683 formata
2701 1623 3179 1706 episcoporum,

576 1725 803 1787 Niccna
839 1729 1086 1787 sinodus
1128 1746 1289 1786 nunc
1326 1709 1597 1787 ordinem
1641 1731 1798 1786 inter
1838 1731 2145 1803 episcopos
2188 1730 2248 1786 in
2287 1727 2596 1799 faciendis
2636 1729 2899 1801 epistolis
2945 1745 3180 1787 conser-

576 1830 842 1887 vandum
877 1847 1003 1888 esse
1043 1832 1291 1890 instituit
1328 1863 1409 1872 —-
1454 1847 1761 1897 emicasse,
1805 1839 1869 1889 et
1913 1824 2044 1888 alia
2088 1824 2408 1910 quaedam
2451 1825 2618 1887 varii
2660 1826 3027 1907 argumenti
3069 1847 3179 1886 ex-

576 1927 841 2012 cipiunt.
933 1937 1244 1990 secuntur
1291 1927 1512 1990 decem
1563 1949 1891 2011 conpages
1933 1926 2490 2006 membranarum,
2532 1926 2579 1988 f.
2631 1929 2968 2006 Sti—158,
3014 1948 3181 2011 quae

577 2030 643 2090 in
689 2050 764 2091 eo
808 2028 1052 2109 codiee,
1099 2051 1179 2091 cx
1230 2051 1357 2115 quo
1407 2038 1709 2114 receptae
1753 2037 1923 2108 sunt,
1971 2027 2125 2091 olim
2171 2028 2436 2090 fuerunt
2467 2050 2737 2090 numero
2770 2026 3178 2091 VII—XVI.

574 2131 640 2191 in
689 2128 789 2192 his
822 2130 1067 2216 scripta
1111 2141 1264 2194 sunt
1306 2132 1500 2212 haee,
1546 2131 1592 2192 f.
1628 2133 1985 2194 83-110*
2033 2129 2351 2191 Prisciani
2401 2130 2785 2214 partitiones
2835 2129 3180 2192 duodecim

581 2252 888 2295 versuum
937 2233 1270 2295 Aeneidos
1321 2230 1819 2318 principalium,
1878 2230 2115 2315 quibus
2157 2231 2203 2293 f.
2258 2235 2362 2292 111
2423 2230 2698 2294 subiecti
2758 2241 2910 2294 sunt
2953 2253 3184 2295 versus

578 2331 673 2412 hi,
716 2332 953 2418 quibus
998 2333 1300 2395 Dicuilus
1349 2333 1583 2395 Scotus
1632 2333 1778 2395 huie
1827 2332 2011 2422 libre·
2040 2355 2110 2394 se
2152 2354 2413 2417 opt-ram
2463 2330 2725 2394 dedisse
2768 2333 3138 2418 profitetur:

982 2440 1080 2497 hic
1117 2440 1313 2497 coclea:
1352 2441 1559 2513 pueris
1595 2442 1736 2513 plus
1778 2455 1956 2512 quam
2002 2438 2369 2512 sapientibus
2413 2443 2604 2512 aptus,
2715 2433 2720 2438 ’

984 2543 1039 2598 si
1080 2543 1203 2598 iam
1247 2543 1403 2599 scire
1441 2542 1628 2615 pedes
1670 2543 1886 2598 malint
1929 2548 1987 2599 ct
2022 2541 2321 2599 scandere
2363 2556 2584 2610 versus,

985 2649 1042 2700 ee
1082 2637 1136 2700 s'i
1172 2645 1328 2701 scire
1372 2644 1548 2700 uelint
1588 2659 1879 2700 caesuras
1925 2648 2101 2716 alque
2132 2645 2385 2715 stouras,

985 2752 1122 2819 quoe
1154 2752 1367 2820 parles
1405 2746 1465 2803 in
1513 2761 1683 2803 uersu
1725 2747 1952 2804 instant
1991 2746 2065 2803 dc
2100 2744 2378 2819 partibus
2419 2751 2562 2817 octo,

984 2856 1042 2905 et
1084 2851 1317 2921 qualem
1364 2849 1578 2905 retinet
1617 2865 1850 2905 sensum
1890 2864 2298 2921 quaecumque
2338 2849 2594 2920 loquela,

986 2959 1043 3007 et
1085 2966 1240 3023 quae
1271 2952 1471 3023 prima
1518 2956 1792 3020 manent,
1842 2966 1998 3022 quae
2044 2949 2308 3007 dirivata
2343 2957 2624 3007 secuntur
2638 2970 2662 3006 .-

985 3053 1045 3109 in
1091 3053 1201 3109 hoc
1246 3054 1346 3110 ille
1379 3054 1545 3110 cani!
1583 3053 1869 3125 quicquid
1897 3053 2069 3125 parti
2111 3052 2334 3109 accidit
2374 3053 2550 3108 omni.

989 3155 1268 3212 undecies
1295 3157 1472 3227 flexit
1514 3155 1658 3213 bene
1700 3154 1881 3212 verba
1923 3170 2132 3211 errore
2175 3156 2432 3227 repulsu,

988 3258 1280 3321 conticeo,
1323 3265 1547 3325 everto,
1596 3258 1837 3313 immillo
1882 3272 2138 3328 quoque,
2185 3256 2410 3325 marm,
2450 3270 2650 3326 sut-qo,

985 3357 1290 3430 institiae,
1336 3374 1544 3432 arc-ee,
1586 3356 1721 3428 sor,
1767 3366 1933 3415 leaeo
1954 3403 1968 3429 ,
2005 3373 2247 3430 possum
2279 3364 2456 3429 alque
2489 3358 2779 3427 relinque,

987 3462 1255 3532 quamvis
1288 3458 1397 3530 sor
1438 3462 1526 3518 sic
1568 3465 1631 3517 ut
1666 3460 1778 3517 dor
1821 3475 1936 3517 non
1975 3462 2329 3533 plerumque
2369 3461 2621 3530 levatur.

990 3562 1242 3619 ostendit
1282 3562 1474 3628 nobis,
1521 3569 1585 3619 ut
1624 3578 1739 3619 non
1780 3578 1995 3619 errare
2039 3577 2342 3634 queamus,

672 3690 687 3715 x
987 3680 1142 3736 quae
1183 3670 1393 3721 contra
1437 3672 1693 3729 suetam,
1740 3680 1895 3737 quac
1936 3669 2096 3721 recte
2138 3666 2352 3735 regyula
2394 3671 2610 3720 servat.

989 3765 1055 3823 lu·
1092 3772 1231 3824 sune
1272 3767 1438 3824 istius
1479 3768 1635 3823 tituli
1666 3768 1849 3839 plene
1890 3766 2102 3823 ordine
2140 3764 2316 3836 sacti,

987 3873 1052 3925 ut
1087 3866 1219 3938 feci
1256 3876 1395 3927 ame
1431 3870 1580 3925 alios
1623 3867 1806 3926 libros
1848 3869 2191 3926 discernere
2231 3881 2449 3925 causas

989 3971 1049 4026 in
1091 3986 1278 4044 prosa
1312 3972 1454 4042 fieri
1486 3972 1650 4028 nullo
1696 3969 2102 4028 moderamine
2142 3969 2328 4026 metri.

992 4072 1189 4130 Prisci
1225 4073 1390 4130 canit
1412 4072 1626 4145 pueris
1664 4072 1815 4129 haec
1858 4074 1966 4129 ani
1999 4076 2215 4129 cuncta
2261 4069 2505 4137 libellus⁹

984 4175 1254 4246 aequalis
1289 4175 1488 4246 primo
1527 4175 1631 4246 qui
1670 4180 1900 4253 constat
1940 4176 2059 4231 siue
2094 4172 2355 4231 secundo

985 4274 1258 4333 codiculo
1295 4274 1466 4346 sac-lo
1508 4275 1585 4334 dc
1625 4281 1963 4334 constructa
2006 4282 2137 4332 arte
2179 4276 2478 4347 loquendi,

984 4377 1141 4434 idem
1180 4379 1614 4449 yrammalicus
1658 4378 1845 4436 doctis
1880 4393 2025 4451 quos
2063 4375 2308 4447 fecerat
2347 4385 2502 4436 aule.

984 4478 1083 4537 hic
1121 4481 1258 4542 fiere·
1293 4479 1532 4568 pariter
1570 4480 1742 4538 debet
1772 4494 2151 4553 paruumque
2192 4481 2479 4551 volumen,

989 4581 1151 4653 quod
1185 4579 1337 4651 sccii
1375 4583 1611 4654 pueris,
1652 4581 1727 4639 de
1762 4582 2041 4656 partibus
2080 4588 2219 4639 ame
2262 4584 2570 4655 quaternis

974 4685 1177 4755 primo
1217 4690 1282 4741 ut
1320 4682 1607 4755 discatur,
1650 4683 1760 4741 scd
1786 4685 1890 4755 qui
1929 4685 2124 4741 minor
2162 4701 2289 4742 esse
2329 4684 2578 4755 videtur,

975 4790 1290 4856 postquam
1336 4784 1645 4843 declinant
1680 4790 1920 4858 partes,
1964 4793 2027 4842 ut
2068 4801 2211 4843 scau
2220 4786 2364 4843 dere
2396 4786 2640 4857 possim.

980 4884 1091 4942 lux
1128 4885 1270 4942 solis
1307 4886 1547 4952 cecidit,
1591 4887 1898 4943 stellarum
1936 4888 2165 4944 lumina
2204 4888 2453 4957 clarem,
