3576 5595
422 794 498 845 VI
508 796 574 845 44

593 393 716 455 528
1080 394 1504 477 [PRlSClANl]
1554 398 1653 458 DE
1701 398 2167 461 ACCENTlBVS
2215 400 2459 462 LIBER.
2504 411 2730 466 44—48

692 523 738 562 p.
771 510 1001 552 nos-300
1031 510 1077 550 Ρ.
2753 530 2795 569 ρ.
2825 518 2915 557 382.
2950 517 3000 557 so
3029 518 3086 559 K.

591 589 750 661 ptam
792 581 1035 643 licenter
1072 582 1131 641 in
1169 591 1359 644 metro
1391 586 1632 663 profert·
1682 584 1939 665 [poetica
1974 597 2064 647 est
2093 585 2337 660 fiducia,
2385 606 2499 665 qua
2544 608 2655 650 nos
2686 597 2958 668 protegat
3002 590 3190 650 omni·

595 691 806 762 potens
858 682 1008 763 rex.]

767 784 1022 854 Quartae
1069 782 1498 863 coniugationis
1541 789 1744 864 verba,
1803 807 1951 867 quae
1996 789 2052 849 in
2103 788 2118 846 i
2163 789 2414 850 litteram
2466 788 2475 873 Ι
2524 792 2867 871 productam
2915 791 3191 852 desinunt

588 885 646 945 in
689 886 949 947 secunda
988 906 1240 965 persona
1283 891 1611 967 praesentis
1655 892 1964 970 temporis,
2012 891 2070 950 in
2117 890 2433 968 trisyllabis
2479 901 2535 952 et
2581 894 2638 952 in
2685 893 2898 952 ceteris
2938 891 3189 971 polysyl-

588 986 736 1047 labis
781 989 1049 1061 veniunt,
1091 997 1147 1048 et
1176 990 1373 1050 omnia
1417 992 1837 1070 paenultimam
1882 992 2118 1052 brevem
2165 991 2414 1065 babent,
2451 1002 2517 1053 ut
2561 993 2733 1053 audio
2777 993 2942 1053 accio
2987 993 3186 1054 mollio
3214 1016 3240 1053 ⁵

589 1090 821 1168 saepio:
876 1090 1244 1169 excipiuntur
1286 1112 1356 1153 eo
1397 1103 1454 1153 et
1500 1111 1650 1170 queo
1709 1102 1763 1153 et
1813 1112 1961 1171 quae
2008 1094 2067 1153 in
2110 1093 2407 1172 disvllabis
2451 1096 2720 1170 veniunt,
2763 1101 2828 1154 ut
2871 1094 3013 1155 scio,
3081 1095 3184 1154 sed

590 1191 734 1250 haec
769 1192 961 1251 omnia
1001 1201 1058 1251 et
1103 1193 1195 1254 his
1238 1193 1447 1255 similia
1495 1195 1753 1272 regulam
1799 1196 2023 1274 primae
2067 1194 2496 1272 coniugationis
2537 1205 2836 1256 secuntur.
2907 1202 3187 1255 notantur

587 1292 764 1366 haec,
797 1311 947 1370 quae
979 1293 1038 1353 in
1081 1296 1377 1373 praesenti
1419 1303 1682 1375 tempore
1720 1305 1777 1357 et
1808 1298 1866 1357 in
1894 1297 2105 1357 ceteris
2138 1296 2501 1375 temporibus
2531 1296 2885 1368 breviantur,
2912 1295 2973 1355 in
3016 1315 3186 1376 prae-

588 1394 757 1454 terito
789 1413 924 1454 vero
965 1397 1226 1474 perfecto
1261 1406 1319 1456 et
1358 1398 1955 1477 plusquamperfecto,
1993 1406 2054 1459 ut
2095 1399 2205 1457 iam
2239 1396 2296 1457 in
2333 1397 2460 1459 aliis
2493 1398 2772 1471 diximus,
2807 1397 2952 1457 etin
2990 1400 3184 1458 futuro
3222 1466 3232 1475 ,

586 1495 742 1555 modi
776 1496 1129 1557 coniunctivi
1152 1498 1578 1587 producuntur,
1617 1500 1739 1559 scio
1770 1500 1912 1560 scivi
1959 1501 2241 1560 sciveram
2275 1500 2519 1572 scivero,
2553 1499 2721 1558 venio
2758 1499 2884 1560 veni
2912 1518 3183 1559 veneram
3205 1515 3253 1555 io

586 1614 819 1669 venero,
851 1616 1001 1675 queo
1035 1600 1188 1677 quivi
1225 1600 1518 1678 quiveram
1550 1600 1822 1678 quivero,
1867 1620 2094 1678 nequeo
2140 1600 2368 1677 nequivi
2417 1600 2787 1678 nequiveram
2843 1601 3181 1678 nequivero,

589 1698 722 1758 odio
754 1699 849 1759 odi
882 1700 1117 1760 oderam
1152 1701 1362 1775 odero,
1401 1702 1592 1762 saevio
1624 1703 1799 1762 saevii
1841 1703 2157 1763 saevieram
2190 1702 2481 1774 saeviero,
2525 1721 2594 1761 eo
2626 1702 2696 1761 ivi
2745 1701 2958 1760 iveram
3003 1701 3178 1761 ivero.

418 1820 591 1873 V11⁴5
766 1799 1089 1875 Quoniam,
1142 1810 1207 1862 ut
1252 1804 1489 1882 opinor,
1541 1803 1713 1864 latius
1762 1812 1819 1865 et
1864 1805 2277 1865 convenienter
2320 1804 2394 1863 (le
2448 1803 2538 1862 his
2583 1788 2923 1863 accentibus
2969 1810 3181 1862 tracta-

583 1907 707 1960 tum
747 1910 869 1973 est,
916 1923 1073 1964 nunc
1110 1904 1182 1963 (le
1230 1907 1730 1995 consequentibus
1776 1906 2095 1967 videamus.
2188 1903 2556 1985 participium
2615 1922 2866 1981 namque
2907 1903 3037 1964 illos
3082 1923 3179 1985 ac-

586 2010 793 2063 centus
846 2023 997 2082 quos
1053 2025 1265 2067 nomen
1324 2006 1501 2067 habet
1557 2007 1616 2066 in
1672 2007 1831 2068 omni
1883 2009 2045 2081 loco,
2095 2016 2156 2068 ut
2201 2007 2486 2078 diximus,
2538 2006 2675 2067 dum
2722 2006 2794 2064 de
2837 2005 2928 2065 bis
2967 2013 3248 2065 tracta-ir»

420 2156 425 2159 ,
481 2116 549 2165 46
589 2102 814 2176 bamuS,
859 2109 1140 2185 sequitur.
1208 2127 1532 2188 pronomen
1581 2128 1715 2169 vero
1758 2109 2028 2170 similiter
2071 2109 2291 2179 eisdem
2338 2108 2556 2185 regulis
2599 2107 2796 2167 utitur.
2856 2106 3175 2166 notandum

475 2831 542 2880 47

583 2213 674 2265 est
710 2208 996 2286 nainque,
1040 2209 1195 2288 quod
1226 2209 1319 2269 illa
1353 2211 1733 2289 pronomina,
1781 2230 1930 2289 quae
1976 2211 2033 2270 in
2068 2210 2288 2271 ultimis
2317 2218 2622 2270 accentum
2665 2215 2928 2271 servant.
2977 2207 3061 2267 sic
3092 2207 3175 2266 uti

582 2306 717 2366 huic
776 2317 1007 2371 nostras
1065 2320 1318 2382 vestras,
1376 2312 1508 2373 ideo
1568 2312 1713 2372 haec
1768 2314 1920 2392 apud
1995 2313 2314 2375 modernos
2368 2313 2444 2372 ita
2503 2310 2750 2382 liabent,
2820 2309 2952 2387 quia
3019 2308 3173 2387 apud

583 2407 1025 2485 antiquissimos
1080 2413 1287 2473 huicce
1337 2421 1395 2472 et
1438 2415 1715 2474 nostratis
1764 2414 2069 2496 vollstratis
2116 2413 2535 2475 declinabatur.
2627 2412 2883 2475 retinent
2922 2427 3175 2486 namque

582 2518 888 2571 accentum
947 2512 1007 2572 in
1063 2514 1296 2587 ultimo,
1364 2533 1536 2591 quem
1596 2514 1889 2576 habebant
1944 2516 2002 2576 in
2062 2516 2436 2596 paenultimo.
2528 2522 2585 2574 et
2632 2533 2748 2573 non
2792 2511 2984 2572 solum
3025 2512 3242 2570 baccea

585 2617 751 2669 crant
806 2612 958 2690 apud
1012 2633 1113 2676 eos
1178 2634 1377 2676 verum
1438 2617 1612 2677 etiam
1668 2617 1850 2678 multa
1902 2618 2044 2695 alia,
2104 2637 2253 2695 quae
2296 2616 2656 2678 differentiae
2702 2632 2879 2674 causa
2919 2611 3004 2673 vel
3046 2611 3173 2672 solo

578 2730 691 2771 usu
750 2711 1126 2790 dicebantur,
1189 2725 1252 2777 ut
1309 2722 1575 2795 ‘egomet
1633 2719 1809 2779 seci’:
1869 2728 1990 2780 met
2045 2738 2298 2797 namque
2349 2717 2597 2779 adiectio
2658 2713 2930 2794 syllabica
2979 2722 3069 2773 est
3108 2714 3168 2774 in

584 2832 722 2892 ego,
766 2824 830 2876 ut
869 2818 928 2878 iu
978 2817 1105 2878 aliis
1153 2838 1226 2879 ne
1264 2839 1362 2894 ce,
1410 2829 1472 2880 ut
1511 2820 1759 2882 illiccine
1803 2823 2066 2883 huiusce.
2157 2820 2427 2881 adverbia
2473 2837 2723 2896 namque
2768 2835 2917 2895 quae
2961 2836 2994 2876 e
3057 2825 3172 2877 ter-

578 2917 875 2978 minantur
947 2920 1280 2980 breviantur
1334 2922 1393 2981 in
1452 2923 1840 3001 paenultima,
1893 2932 1957 2983 ut
2012 2923 2186 2982 hodie
2242 2922 2477 2983 sedule:
2523 2938 2671 2998 quae
2717 2939 2748 2979 a
2796 2920 3032 2979 nomine
3075 2937 3172 2978 ve-

577 3018 776 3091 niunt,
817 3021 1252 3099 producuntur,
1295 3033 1358 3084 ut
1401 3023 1664 3085 Tulliane
1709 3025 2030 3086 Marciaue:
2088 3025 2135 3083 si
2181 3043 2270 3097 m,
2317 3023 2750 3103 producuntur,
2811 3031 2875 3082 ut
2931 3021 3165 3081 meatim
3187 3039 3238 3078 τε,

576 3122 812 3197 tuatim;
860 3124 907 3183 si
950 3124 1002 3198 i,
1041 3124 1407 3198 breviantur,
1454 3133 1518 3185 ut
1562 3127 1822 3206 vesperi;
1871 3127 1920 3186 si
1966 3145 2032 3200 o,
2081 3145 2252 3186 causa
2293 3123 2655 3185 differentiae
2699 3122 2758 3182 in
2803 3122 3007 3183 ultimo
3046 3141 3170 3182 ser-

561 3225 712 3282 'vant
748 3232 1074 3299 accentum,
1107 3222 1133 3309 ΙΙ
1167 3235 1229 3286 ut
1273 3226 1451 3302 sals03
1491 3225 1501 3309 Ι
1542 3227 1672 3300 sia,
1722 3228 2021 3302 similiter,
2056 3236 2118 3287 ut
2163 3229 2310 3302 una,
2350 3245 2425 3286 ne
2463 3233 2703 3305 putetur
2748 3244 2879 3284 esse
2923 3242 3167 3298 nomem

577 3322 626 3382 si
673 3342 767 3396 as,
816 3326 873 3384 iu
923 3326 1159 3401 ultimo,
1219 3335 1283 3387 ut
1338 3327 1511 3398 alias,
1562 3348 1636 3388 ne
1681 3348 1892 3389 nomen
1942 3348 2075 3389 esse
2121 3329 2436 3403 videatur3,
2475 3327 2521 3387 si
2565 3345 2659 3398 er,
2704 3326 3058 3398 breviantur,
3105 3332 3171 3385 ut

576 3423 858 3502 breviter3
920 3427 967 3487 si
1011 3428 1062 3500 l,
1123 3429 1414 3493 similiter.
1475 3439 1538 3490 ut
1584 3429 1828 3509 edepol;
1882 3431 1931 3490 si
1956 3449 2032 3518 c,
2075 3431 2133 3492 in
2180 3431 2415 3497 ultimo,
2463 3438 2527 3490 ut
2570 3428 2718 3503 illic3
2779 3427 2827 3488 si
2880 3447 2988 3500 us,
3033 3427 3168 3487 bre·

475 3540 544 3588 48
577 3526 835 3605 vianuw,
899 3537 962 3589 ut
1007 3529 1286 3590 funditus,
1376 3531 1697 3592 notandum
1759 3540 1846 3592 est
1907 3551 2189 3610 namque,
2236 3532 2388 3610 quod
2449 3529 2641 3591 omnia
2688 3528 2955 3588 adverbia
3005 3546 3235 3589 com-:³0

575 3629 796 3707 posita,
840 3650 989 3710 quae
1042 3650 1176 3691 cum
1221 3632 1755 3711 praepositionibus
1798 3643 2262 3712 componuntur,
2311 3634 2419 3694 sub
2465 3654 2579 3693 uno
2612 3638 2858 3690 accentu
2904 3649 3166 3710 pronun·

576 3730 769 3790 tianda
824 3740 990 3805 sunt,
1056 3741 1120 3792 ut
1169 3733 1382 3793 deinde
1443 3734 1671 3794 exinde.
1760 3735 1915 3794 hanc
1956 3735 2108 3794 enim
2160 3737 2421 3811 regulam
2462 3734 2653 3794 omnis
2699 3733 3032 3793 coniunctio
3073 3751 3165 3791 se-

575 3834 772 3909 quitur
803 3834 861 3893 in
904 3834 1245 3913 compositis
1287 3844 1344 3894 et
1386 3835 1444 3895 in
1488 3835 1888 3915 simplicibus,
1936 3845 1997 3895 ut
2050 3836 2268 3897 interea
2327 3837 2561 3896 etenim.
2630 3834 2984 3914 praepositio
3030 3852 3164 3894 vero

576 3933 632 3993 in
690 3936 806 3994 fine
864 3954 1097 4015 semper
1154 3944 1459 3997 accentum
1522 3946 1742 4010 servat,
1801 3946 1864 3997 ut
1919 3937 2075 4016 apud
2133 3942 2285 3998 ante.
2377 3937 2707 3998 interiectio
2752 3955 2886 3996 vero
2943 3936 3159 3996 nullam

503 4045 511 4051 '
575 4044 792 4096 certam
836 4036 1096 4114 regulam
1144 4047 1367 4114 servat;
1415 4048 1607 4099 tamen
1653 4040 1711 4099 in
1758 4042 1873 4099 tine
1917 4049 1975 4099 et
2013 4039 2069 4098 in
2115 4039 2307 4099 medio
2347 4048 2620 4112 acuetur,
2663 4047 2726 4097 ut
2766 4041 2952 4117 papae
2996 4040 3225 4098 evax.35

1971 4151 1991 4170 Ο

572 4203 705 4238 mam
753 4190 996 4254 syllabam
1049 4205 1139 4238 seu
1187 4199 1472 4255 correptam
1529 4206 1618 4239 sen
1666 4192 1963 4257 productam
2016 4189 2223 4240 licenter
2269 4191 2402 4254 quod
2449 4189 2545 4238 sert
2589 4194 2740 4254 poeta
2787 4186 2838 4233 in
2889 4196 3047 4236 metro
3085 4197 3159 4236 est

572 4259 757 4308 fiducia
781 4273 815 4315 ς
960 4262 982 4310 l
1025 4275 1125 4323 qua
1157 4288 1226 4297 —
1260 4263 1291 4309 2
1331 4276 1422 4309 rex
1459 4277 1553 4312 om.
1583 4262 1625 4310 G
1767 4264 1799 4311 4
1838 4261 2170 4325 polysyllabis
2211 4262 2260 4309 in
2303 4261 2471 4312 omnia
2511 4260 2554 4308 G
2692 4255 2724 4302 ὓ
2762 4255 2904 4319 sepio
2944 4272 2977 4312 ς
3016 4257 3158 4321 sapio

572 4330 675 4378 GH
839 4330 1164 4394 excipiuntur
1197 4346 1256 4380 eo
1297 4340 1344 4380 et
1382 4345 1510 4392 queo
1544 4346 1674 4392 quae
1701 4330 1759 4378 ll
1808 4332 2131 4395 excipiuntur
2166 4345 2296 4392 queo
2335 4341 2382 4378 et
2419 4344 2547 4392 quae
2588 4329 2630 4376 G
2811 4327 2874 4373 10
2913 4327 3023 4376 siuo
3062 4328 3159 4375 sini

572 4414 676 4447 ram
719 4414 773 4447 ro
813 4399 962 4448 uenio
1003 4401 1120 4447 ueni
1159 4415 1263 4449 ram
1301 4415 1356 4448 ro
1390 4415 1518 4462 queo
1561 4401 1700 4463 quini
1736 4416 1841 4449 ram
1877 4415 1932 4448 ro
1971 4415 2165 4462 nequeo
2199 4401 2404 4462 nequiui
2442 4414 2545 4447 ram
2587 4412 2640 4445 ro
2677 4396 2794 4445 odio
2831 4396 2912 4444 odi
2952 4396 3156 4446 oderam

571 4484 625 4517 ro
664 4469 807 4516 senio
846 4469 955 4517 seui
993 4485 1098 4517 ram
1138 4485 1193 4518 ro
1224 4485 1282 4518 eo
1322 4471 1390 4519 ini
1429 4485 1534 4518 ram
1568 4487 1623 4518 ro
1662 4471 1717 4518 II
1751 4471 1863 4518 sino
1898 4470 1995 4518 sini
2035 4471 2254 4518 siuet-am
2297 4483 2426 4532 queo
2463 4468 2602 4531 quini
2646 4467 2905 4529 quinci-am
2949 4467 3157 4530 quiuero

569 4552 685 4585 sero
733 4538 841 4586 seui
881 4553 1109 4586 seueram
1160 4553 1339 4588 seuero
1378 4553 1437 4587 eo
1473 4540 1543 4587 iui
1579 4540 1769 4589 ineram
1814 4554 1869 4586 ro
1910 4540 2057 4587 uenio
2095 4538 2209 4587 odio
2249 4539 2292 4588 G
2470 4539 2531 4587 17
2571 4539 2704 4600 quod
2749 4552 2839 4584 om.
2876 4538 2991 4596 GH,
3029 4538 3152 4586 add.

567 4608 737 4656 codex
772 4606 1047 4655 Burmanni
1187 4609 1332 4656 sicuti
1370 4608 1488 4656 huie
1525 4617 1573 4656 et
1610 4620 1809 4658 uestras
1850 4619 2049 4656 nostras
2087 4607 2144 4656 ll
2181 4607 2326 4655 sicuti
2363 4606 2488 4655 llaec
2526 4619 2726 4657 nostras
2762 4614 2962 4655 uestras
3001 4608 3044 4654 (i

578 4677 637 4722 19
685 4672 915 4722 huiccine
973 4686 1018 4724 et
1068 4677 1173 4725 siris
1212 4678 1266 4725 Il
1309 4677 1505 4726 hiccine
1553 4687 1601 4727 et
1642 4678 1878 4726 nesti-atis
1916 4679 1959 4726 G
2099 4677 2165 4724 22
2209 4676 2306 4724 feei
2359 4676 2509 4725 nichil
2560 4685 2636 4725 est
2677 4685 2878 4740 egomet
2919 4676 3012 4725 l‘eei
3059 4677 3154 4726 nisi

570 4757 668 4805 ego
711 4758 800 4806 per
838 4755 1019 4793 memet
1051 4747 1215 4810 ipsum
1256 4745 1351 4794 feei
1391 4755 1490 4795 niet
1526 4746 1569 4793 G
1710 4746 1775 4795 23
1809 4755 1861 4794 ut
1900 4746 2057 4794 illicce
2099 4747 2142 4794 G
2280 4745 2340 4795 31
2381 4762 2490 4795 euni
2529 4762 2619 4796 om.
2657 4749 2758 4796 Gll
