3576 5595
566 411 693 473 396
1652 410 2074 472 PRAEFATIO

566 594 1087 659 accommodatos
1129 615 1272 656 esse
1304 593 1790 658 existimabant.
1872 616 2083 679 neque
2115 602 2332 657 tamen
2377 595 2640 658 omnino
2684 594 2974 658 defuisse
3015 595 3175 658 huic

564 696 730 760 libro
773 696 1344 781 grammaticorum
1384 695 1628 773 studia,
1682 697 1866 760 testis
1908 705 2006 758 cst
2053 696 2557 760 commentarius
2604 696 2920 781 Remigii,
2973 718 3172 782 quem

565 800 632 862 in
679 797 903 862 codice
941 797 1245 862 Parisino
1289 799 1446 861 7581
1500 796 1760 861 saeculo
1809 797 2061 862 decimo
2100 797 2204 861 vel
2255 796 2599 860 undecimo
2644 798 2959 882 scriptum
3003 797 3169 861 vidi.

564 899 715 963 libri
754 909 972 964 autem
1016 920 1211 962 manu
1257 900 1519 984 scripti,
1570 920 1733 984 quos
1775 898 2039 984 quidem
2085 898 2305 986 paullo
2348 899 2719 962 accuratius
2767 900 3172 980 examinavi,

565 1002 657 1064 ita
690 1002 861 1064 inter
891 1023 961 1066 se
992 1001 1373 1086 conspirant
1408 1022 1663 1082 omnes,
1710 1009 1782 1064 ut
1813 1000 2385 1085 grammaticorum
2420 1000 2653 1064 studiis
2691 1021 2820 1064 non
2861 1022 3168 1085 magnam

535 1104 988 1165 .mutationem
1022 1125 1165 1166 eum
1201 1102 1434 1166 librum
1472 1101 1752 1164 subiisse
1784 1110 1937 1164 ante
1970 1102 2386 1165 undecimum
2425 1112 2600 1165 certe
2627 1102 2957 1166 saeculum
2985 1109 3167 1182 (nam

564 1205 647 1268 de
683 1202 1153 1270 recentioribus
1191 1202 1377 1268 libris
1429 1225 1558 1267 non
1600 1204 1940 1291 quaesivi)
1992 1203 2325 1289 adpareat.
2414 1202 2603 1290 plura
2645 1205 2861 1268 conati
2910 1214 3062 1268 sunt
3118 1205 3169 1268 ii

566 1306 680 1393 qui
703 1306 930 1391 quinto
954 1305 1207 1369 decimo
1241 1306 1501 1369 saeculo
1538 1303 1697 1369 haec
1724 1303 1944 1369 studia
1965 1305 2399 1368 recoluerunt.
2442 1327 2589 1388 nain
2626 1307 2930 1392 princeps
2964 1305 3168 1370 editio

566 1428 625 1470 a.
670 1409 828 1469 1470
869 1405 1047 1468 facta
1080 1426 1119 1468 a
1149 1406 1482 1471 veteribus
1516 1405 1853 1472 codicibus
1885 1428 2122 1490 magno
2162 1429 2353 1493 opere
2386 1405 2745 1492 discrepat,
2785 1408 2927 1471 sive
2960 1408 3016 1470 is
3052 1407 3168 1492 qui

564 1508 837 1573 editioni
885 1506 1174 1594 praefuit
1226 1508 1385 1571 haec
1428 1509 1674 1595 primus
1730 1509 2039 1590 mutavit,
2093 1509 2268 1589 sive,
2325 1507 2392 1571 id
2442 1509 2614 1594 quod
2674 1510 2884 1592 magis
2941 1509 3165 1594 prob0,

566 1608 856 1674 codicem
913 1609 1009 1672 sie
1062 1618 1380 1672 mutatum
1438 1611 1714 1673 invenit.
1816 1610 2171 1696 principem
2241 1619 2457 1673 autem
2527 1610 2875 1675 editionem
2937 1620 3170 1697 postea

564 1711 799 1797 reliqui
845 1710 1127 1774 editores
1175 1732 1397 1774 omnes
1447 1711 1538 1774 ita
1597 1713 1802 1776 secuti
1851 1720 2033 1792 sunt,
2093 1721 2197 1794 ut,
2243 1720 2697 1797 praeterquam
2746 1711 2921 1796 quod
2970 1732 3168 1798 quae-

566 1814 714 1877 dam
740 1813 997 1877 Graeca
1025 1812 1291 1876 nomina
1330 1822 1392 1876 et
1412 1812 1798 1876 Latinorum
1842 1811 2304 1877 vocabulorum
2347 1813 2953 1898 interpretationes,
2997 1833 3167 1898 quae

565 1917 633 1979 in
665 1914 781 1977 illa
813 1916 1056 1977 omissa
1101 1922 1319 1994 erant,
1366 1914 1741 1978 coniectura
1784 1915 2210 1995 addiderunt,
2257 1915 2372 1977 vix
2406 1936 2712 2000 umquam
2746 1912 2830 1976 ab
2871 1935 2949 1977 ea
2990 1935 3167 1977 rece·

566 2018 825 2098 derent3
890 2016 957 2078 in
995 2036 1128 2078 una
1172 2013 1418 2079 Aldina
1463 2016 1748 2080 editione
1798 2017 2023 2103 paucis
2063 2014 2224 2079 locis
2271 2037 2466 2080 manu
2513 2018 2823 2102 seriptum
2875 2016 3164 2080 codicem

566 2117 931 2182 adhibitum
977 2138 1121 2179 esse
1161 2116 1503 2202 probabile
1546 2127 1665 2181 est.
1756 2139 1924 2232 qouae
1956 2139 2100 2181 cum
2136 2119 2227 2180 ita
2258 2127 2508 2197 essent,
2558 2118 2624 2182 id
2657 2119 2938 2181 maxime
2970 2139 3164 2201 agen

567 2220 721 2284 dum
759 2190 1166 2298 existimavi,
1214 2227 1284 2280 ut
1317 2217 1500 2292 liber,
1544 2220 1847 2334 quamvis
1894 2219 2116 2302 exigui
2162 2240 2321 2282 sane
2362 2220 2589 2304 pretii,
2637 2230 2883 2285 remota
2919 2218 3167 2283 re‹enti

564 2321 877 2385 Italorum
925 2317 1428 2404 interpolatione
1485 2320 1570 2383 ad
1627 2321 1908 2406 priscam
1961 2319 2259 2383 codicum
2305 2322 2678 2384 memoriam
2727 2330 3164 2385 imevocaretur

567 2423 653 2486 ad
708 2443 902 2508 quam
946 2442 1082 2483 rem
1129 2441 1276 2483 cum
1315 2443 1515 2484 unum
1571 2421 1814 2485 bonum
1865 2421 2157 2484 codicem
2213 2422 2374 2485 mihi
2426 2421 2729 2486 sufficere
2785 2423 3167 2502 iudicarem,

569 2524 800 2588 ducem
837 2521 1007 2605 elegi
1052 2521 1521 2585 Parisinum
1573 2525 1774 2587 7498
1820 2522 2391 2587 membranaceum
2431 2523 2637 2587 forma
2667 2523 3015 2610 quadrata,
3055 2525 3166 2608 qui

570 2625 723 2689 olim
772 2622 1034 2687 Claudii
1073 2621 1354 2686 Puteani
1394 2623 1536 2687 fuit.
1628 2647 1703 2688 eo
1748 2625 2165 2688 continentur
2210 2625 2403 2706 hacc,
2453 2626 2499 2688 f.
2555 2625 2794 2689 1—56*
2842 2625 3168 2688 Prisciani

571 2728 653 2791 do
694 2726 1178 2791 constructione
1223 2724 1372 2789 libri
1422 2724 1583 2791 duo:
1634 2725 1680 2788 f.
1727 2725 2018 2790 57—S‹)*
2055 2725 2347 2789 ciusdem
2391 2727 2777 2811 partitiones
2823 2726 3167 2789 duodecim

570 2850 877 2894 versuum
924 2827 1289 2891 Aeneidos:
1351 2827 1399 2890 f.
1448 2827 1739 2892 81—88*
1784 2827 2076 2892 eiusdem
2125 2829 2445 2892 institutio
2492 2829 2574 2892 dc
2612 2830 2871 2893 nomine
2916 2840 2981 2893 ct
3024 2851 3168 2914 pro·

568 2932 831 2997 nomine
878 2939 943 2993 et
986 2929 1221 2994 verbo:
1289 2930 1336 2992 f.
1378 2929 1710 2993 89-10-1*
1761 2929 2083 3016 Eutychis
2129 2952 2235 2993 ars
2281 2929 2362 2994 de
2406 2930 2980 3013 coniugationibus
3025 2952 3168 2994 ver·

568 3033 795 3098 borum
818 3082 835 3115 ,
884 3037 1095 3110 incipit
1136 3039 1424 3110 proloqus
1467 3036 1608 3095 libri
1643 3039 1866 3095 euticis,
1938 3038 2078 3095 Cum
2117 3053 2351 3111 semper
2397 3072 2476 3081 -—
2512 3040 2983 3111 coniuqationem
3027 3054 3166 3095 uen-

569 3141 735 3199 dicat
771 3138 913 3197 sibi·
956 3132 1001 3195 f.
1050 3136 1426 3197 105—108*
1475 3141 1959 3197 commentarium
2002 3141 2190 3210 rufini
2229 3140 2346 3197 viri
2379 3140 2754 3199 disertissimi
2790 3140 3173 3213 qrammatici

567 3240 964 3300 antiochensis
1007 3242 1067 3299 in
1107 3244 1298 3298 metra
1344 3244 1698 3298 terentiana.
1749 3240 2044 3299 Euanlius
2070 3272 2143 3282 —
2170 3248 2257 3298 es!
2296 3243 2394 3300 uel
2435 3245 2761 3301 marimum
2811 3239 2904 3322 (p.
2933 3235 3165 3320 2719).

566 3334 617 3404 f.
680 3342 791 3402 109
838 3346 904 3401 et
950 3340 1066 3399 110
1117 3357 1380 3399 carmen
1422 3336 1504 3399 dc
1544 3336 1977 3421 ponderibus,
2038 3341 2211 3400 Remi
2257 3343 2468 3415 sauini
2514 3345 2763 3418 epistola
2817 3343 2894 3401 de
2939 3342 3165 3417 ponde-

569 3445 733 3504 ribus
775 3461 855 3503 ex
898 3459 1074 3502 sensu
1114 3443 1375 3501 eiusdem
1416 3444 1576 3501 clari
1615 3446 1880 3502 auctoris
1923 3444 2010 3500 ad
2048 3444 2453 3518 symmachum
2506 3447 2750 3503 metrico
2800 3446 2933 3503 iure
2987 3446 3167 3503 missa

568 3547 791 3620 incipit.
872 3544 1152 3603 Pondera
1203 3545 1475 3618 paeoniis
1518 3577 1587 3586 -—
1638 3547 1765 3603 sine
1826 3546 2000 3618 aquis
2051 3548 2320 3619 capitula
2372 3546 2634 3605 eiusdem
2689 3547 2979 3620 epistulae
3016 3546 3057 3603 I
3093 3545 3169 3603 de

559 3646 934 3725 ponderibus
969 3647 1355 3705 communiter
1384 3645 1457 3702 II
1496 3646 1571 3703 de
1596 3646 1968 3719 ponderibus
2008 3649 2378 3705 metallorum
2408 3647 2522 3705 ΙΙΙ
2546 3648 2621 3706 de
2664 3649 2958 3706 mensuris
2995 3648 3165 3720 liqui-

570 3727 780 3808 dorum
826 3747 977 3807 IIII
1016 3748 1091 3806 de
1138 3747 1501 3821 ponderibus
1558 3749 2038 3805 commixtorum:
2109 3743 2153 3806 f.
2213 3744 2340 3806 '110
2370 3744 2649 3807 —12022
2711 3743 3032 3806 Prisciani
3082 3742 3167 3805 ad

570 3845 1031 3932 Symmachum
1069 3842 1220 3908 libri
1262 3853 1428 3924 tres,
1474 3849 1778 3907 Prisciani
1814 3832 2044 3908 libellus
2095 3851 2171 3910 de
2224 3850 2604 3926 ponderibus.
2663 3850 2754 3909 De
2792 3850 2974 3909 laude
3014 3865 3166 3924 sym-

568 3952 784 4012 machi.
858 3951 1209 4010 Priscianus
1253 3948 1684 4024 qrammaticu's
1731 3953 2073 4023 symmacho
2125 3985 2198 3995 —
2249 3954 2567 4026 inylorium
2619 3960 2721 4011 est.
2822 3946 2939 4011 sed
3007 3946 3168 4009 baec

570 4070 783 4137 neque
829 4047 913 4112 ab
958 4069 1087 4111 uno
1131 4047 1392 4110 homine
1447 4047 1689 4131 scripta
1735 4068 1880 4110 esse
1927 4052 2144 4114 omnia
2193 4072 2404 4136 neque
2465 4052 2657 4113 unius
2713 4048 2959 4113 codicis
3013 4048 3166 4111 olim

570 4151 779 4216 fuisse
821 4171 949 4214 non
996 4149 1205 4213 solum
1250 4149 1395 4234 ipsa
1436 4147 1787 4211 diversitas
1831 4152 2193 4238 scripturae
2229 4152 2496 4232 indicat,
2537 4173 2763 4215 verum
2811 4151 3007 4213 etiam
3053 4171 3167 4212 nu-

570 4274 893 4316 merorum
937 4252 1253 4337 quaedam
1301 4252 1612 4336 vestigia,
1676 4275 1843 4340 quae
1883 4255 1950 4315 in
1994 4254 2144 4317 imis
2185 4252 2568 4317 schedarum
2612 4250 3016 4336 marginibus
3057 4250 3168 4314 ad·

571 4360 834 4440 parent,
887 4361 1231 4416 testantur.
1323 4375 1403 4416 ea
1452 4355 1625 4417 enim
1674 4376 1840 4440 quae
1887 4354 1930 4417 f.
1978 4359 2058 4417 57
2088 4391 2161 4401 —
2200 4358 2314 4417 104
2366 4356 2609 4440 scripta
2656 4363 2837 4431 sunt,
2905 4353 3027 4418 hoc
3071 4360 3171 4416 est

571 4454 891 4519 Prisciani
956 4456 1282 4519 institutio
1351 4455 1433 4519 de
1494 4456 1752 4519 nomine
1822 4466 1885 4520 et
1942 4457 2320 4542 pronomine
2379 4464 2443 4518 et
2498 4455 2698 4519 verbo
2757 4466 2824 4518 et
2876 4454 3166 4519 eiusdem

567 4556 953 4645 partitiones
990 4566 1054 4619 et
1083 4555 1399 4642 Eutychis
1439 4557 1638 4639 liber,
1685 4557 1769 4621 ad
1812 4559 2101 4621 codicem
2142 4555 2426 4642 aliquem
2473 4555 2732 4619 sacculo
2767 4578 2938 4621 nono
2972 4557 3170 4641 scrip-

569 4665 709 4721 tum
750 4655 900 4720 olim
941 4657 1390 4742 pertinebant,
1435 4661 1612 4744 prior
1654 4669 1869 4723 autem
1908 4680 2061 4744 pars
2110 4657 2155 4720 f.
2211 4659 2437 4719 1--56
2482 4678 2613 4719 una
2656 4677 2803 4719 cum
2850 4658 2930 4719 iis
2972 4678 3170 4721 mem-

570 4757 816 4839 branis,
862 4778 1028 4843 quae
1074 4757 1229 4822 olim
1275 4781 1417 4823 eam
1464 4760 1902 4846 excipiebant,
1943 4768 2171 4846 postea
2223 4781 2378 4823 vero
2425 4758 2510 4821 ad
2556 4757 2747 4821 finem
2790 4756 3036 4821 codicis
3074 4778 3170 4821 re-

570 4857 782 4920 iectae
815 4866 987 4940 sunt,
1023 4856 1069 4921 f.
1102 4864 1454 4944 109-120,
1494 4861 1617 4927 hoc
1650 4872 1750 4926 est
1788 4861 1916 4927 duo
1960 4860 2114 4926 libri
2157 4861 2238 4926 de
2283 4860 2762 4925 constructione
2806 4868 2871 4924 et
2908 4880 3170 4924 carmen
