3576 5595
940 457 1434 518 PARTtTtoM-Js
1475 456 1576 517 xl!
1625 456 1834 517 VERS.
1872 457 2037 517 AEN.
2072 458 2142 518 X.
2190 469 2480 542 185÷192
2888 464 3012 524 505

519 586 561 626 p.
587 573 700 614 1272.
722 573 772 613 7³
790 573 836 614 Ρ.
929 585 939 610 t
2610 588 2653 627 p.
2675 576 2765 618 345.
2787 577 2837 617 -16
2856 578 2910 619 Κ.

723 645 1097 721 Frangitur
1140 663 1222 704 ac
1276 644 1469 704 sisso
1515 642 1804 703 transit
1847 644 2295 732 praecordia
2334 644 2552 722 ligna.

419 746 797 826 imperativus
844 754 900 805 et
945 745 1234 824 optativus
1280 755 1336 805 et
1382 744 1783 807 subiunctivus
1828 753 1887 805 et
1937 745 2256 806 infinitivus
2304 766 2480 825 supra
2529 746 2666 808 dicti
2709 749 2866 810 verbi
2918 771 3014 811 se-

420 849 676 909 cundum
730 847 1054 925 analogiam
1098 847 1480 907 declinantur.
1571 846 1678 907 Dic
1723 848 1950 926 supina.
2044 847 2341 908 Pandendi
2386 849 2700 927 pandendo
2745 851 3007 929 panden-

420 951 558 1010 dum
624 968 863 1028 passum
934 968 1131 1027 passu.
1226 948 1332 1007 Dic
1389 947 1688 1027 partieipia
1755 949 1959 1008 activa.
2050 947 2386 1009 Praesentis
2453 951 2752 1028 pandens,
2832 955 3010 1014 futuri

368 1071 724 1132 spassuruS.
805 1051 910 1110 Dic
968 1050 1216 1129 passiva.
1292 1049 1591 1109 Praeteriti
1642 1069 1884 1128 passuS,
1944 1050 2119 1110 futuri
2172 1051 2538 1128 pandendus,
2632 1071 2845 1114 nomen
2886 1074 3012 1115 ver-

419 1153 550 1214 bale
599 1172 825 1233 passor.
917 1152 974 1211 in
1028 1169 1129 1210 sor
1172 1159 1363 1210 autem
1412 1150 1734 1211 desinentia
1784 1151 1871 1210 vel
1919 1151 1976 1210 in
2034 1170 2139 1210 xor
2197 1151 2445 1211 verbalia
2492 1152 2771 1214 feminina
2817 1157 3010 1217 facere

422 1275 536 1316 non
583 1262 834 1334 possunt
871 1253 1189 1313 litterarum
1233 1252 1591 1313 dissonantia
1637 1253 2002 1331 prohibente.
2075 1252 2132 1312 in
2177 1260 2268 1311 tor
2311 1253 2464 1312 enim
2511 1253 2835 1315 desinentia
2882 1276 3010 1317 mu-

423 1365 545 1417 tant
590 1376 658 1417 or
705 1358 763 1416 in
819 1355 933 1428 rix,
982 1362 1206 1415 amator
1248 1354 1524 1426 amatrix,
1571 1354 1777 1414 doctor
1823 1354 2076 1427 doctrix,
2123 1363 2326 1432 raptor
2367 1356 2619 1433 raptrix,
2669 1358 2852 1418 fartor
2895 1360 3010 1419 lar-

422 1459 548 1519 trix.
631 1476 843 1518 nomen
889 1454 1119 1516 verbale
1162 1456 1244 1515 rei
1305 1456 1398 1515 hic
1433 1475 1643 1535 passus
1676 1456 1851 1518 huius
1903 1476 2149 1536 passuS,
2196 1456 2352 1534 quod
2396 1457 2686 1534 significat
2722 1449 2788 1516 τὸ
2816 1459 3006 1535 βῆμα,

357 1561 478 1620 toid
527 1569 618 1620 est
663 1560 817 1637 quod
869 1565 1028 1637 patet
1067 1558 1123 1616 in
1172 1558 1360 1636 spatio
1405 1556 1714 1617 distantiae
1765 1558 1996 1636 pedum.
2069 1557 2188 1638 [est
2233 1566 2427 1618 tamen
2475 1567 2533 1618 et
2577 1559 2730 1621 aliud
2778 1561 3007 1622 verbale

420 1663 649 1742 pandus
679 1659 866 1739 panda
903 1658 1192 1737 pandum:
1237 1659 1571 1720 Donatus
1619 1659 1895 1738 ‘panda
1930 1668 2002 1719 et
2039 1660 2564 1731 contractior',
2599 1669 2656 1720 et
2689 1662 3005 1724 Ovidius

419 1764 478 1824 in
526 1763 700 1823 tertio
747 1761 1452 1840 metamorphoseon
1498 1761 1764 1840 ‘panda
1813 1761 2110 1841 naris'.]
2168 1781 2300 1822 nam
2350 1763 2545 1841 passio
2591 1763 2776 1840 magis
2824 1782 2854 1823 a
2905 1783 3007 1843 pa-

423 1868 536 1926 tior
581 1872 688 1926 est.

589 1968 883 2027 Interea
942 1982 1090 2041 quae
1147 1982 1284 2042 pars
1341 1963 1618 2025 orationis
1662 1961 1795 2024 est?
1857 1962 2221 2025 Adverbium.
2298 1966 2448 2037 Quid
2490 1974 2580 2026 est
2625 1965 3001 2028 adverbium?

355 2093 400 2132 ts
422 2072 563 2130 Pars
619 2067 897 2128 orationis
944 2085 1091 2144 quae
1151 2066 1373 2126 adiecta
1429 2065 1603 2125 verbo
1652 2065 2135 2142 significationem
2190 2067 2316 2128 eius
2362 2068 2632 2147 explanat
2675 2076 2848 2147 atque
2894 2068 3002 2128 im-

419 2172 559 2251 plet.
645 2170 800 2240 Quot
829 2166 856 2251 Η
889 2168 1161 2228 accidunt
1206 2164 1520 2227 adverbio?
1564 2167 1805 2245 Species
1850 2164 2199 2244 significatio
2239 2171 2440 2246 figura.
2526 2171 2705 2230 Cuius
2736 2181 2826 2231 est
2867 2191 3002 2251 spe-

420 2271 568 2333 ciei?
636 2272 795 2332 luter
847 2271 1080 2349 quidem
1147 2269 1219 2329 ab
1273 2268 1331 2328 in
1382 2268 1818 2348 praepositione
1874 2268 2098 2330 videtur
2156 2290 2287 2331 esse
2332 2280 2563 2343 natum,
2631 2273 2924 2350 quomodo
2967 2292 2998 2333 a

421 2373 530 2434 sub
570 2372 773 2433 subter
815 2381 871 2432 et
903 2372 974 2432 ab
1013 2391 1080 2431 ex
1119 2379 1280 2430 exter
1295 2390 1310 2444 ;
1355 2390 1421 2429 ea
1467 2389 1602 2430 vero
1646 2370 1997 2448 primitivum
2045 2382 2130 2432 est
2173 2391 2495 2453 pronomen
2534 2372 2780 2456 abilativi
2827 2394 2999 2434 casus

419 2474 731 2552 singularis
774 2474 859 2533 vel
906 2472 1216 2533 accusativi
1261 2470 1519 2550 pluralis.
1606 2472 1786 2532 Cuius
1847 2483 1937 2533 est
1982 2474 2422 2550 significationis
2468 2475 2581 2535 hoc
2626 2474 3000 2536 adverbium?

349 2594 401 2632 w
419 2576 754 2655 Temporis;
805 2583 997 2654 potest
1041 2584 1231 2634 tamen
1276 2593 1407 2634 esse
1453 2582 1509 2633 et
1553 2573 1684 2633 loci.
1762 2575 1941 2634 Cuius
1981 2585 2070 2635 est
2109 2573 2370 2652 figurae?
2453 2575 2843 2656 Compositae.
2916 2578 3003 2638 Ex

419 2676 672 2756 quibus?
739 2677 824 2737 Ex
883 2677 1109 2753 integro
1164 2684 1222 2736 et
1264 2684 1572 2754 corrnptO,
1631 2675 1678 2735 si
1734 2695 1799 2734 ea
1860 2676 2157 2754 pluraliter
2205 2677 2543 2755 accipimus,
2636 2679 2787 2739 inter
2850 2681 3002 2740 enim

420 2780 708 2859 integrum
768 2788 887 2851 est,
946 2779 1097 2856 quod
1151 2778 1411 2857 plerique
1463 2776 1799 2837 Latinorum
1863 2778 2356 2857 praepositionem
2415 2778 2739 2859 accipiunt,
2798 2781 3001 2841 Graeci

419 2891 613 2942 autem
670 2881 1035 2953 adverbium,
1095 2899 1160 2939 ea
1218 2899 1351 2939 vero
1408 2887 1767 2956 corruptum.
1863 2880 2228 2939 accusativus
2272 2881 2516 2959 pluralis
2560 2886 2714 2941 enim
2757 2886 3007 2959 corripit

420 3002 483 3058 a,
529 2983 800 3062 produxit
846 2991 1040 3042 tamen
1087 2989 1326 3060 propter
1368 2980 1696 3058 generalem
1744 2980 2005 3056 regulam
2053 2981 2456 3041 adverbiorum
2504 2984 2560 3042 in
2609 3002 2639 3042 a
2688 2984 3001 3044 terminan-

351 3086 595 3157 mium,
633 3103 780 3162 quae
821 3083 1012 3144 omnia
1050 3083 1481 3162 producuntur,
1527 3090 1589 3141 ut
1633 3081 1853 3140 interea
1894 3090 2202 3159 propterea
2250 3092 2581 3162 praeterea,
2624 3094 2865 3163 excepto
2905 3086 3000 3145 ita.

420 3205 736 3265 possumus
776 3195 969 3245 tamen
1010 3185 1237 3257 dicere,
1286 3183 1416 3262 quia
1452 3182 1508 3241 in
1550 3182 1977 3261 compositione
2024 3202 2139 3242 non
2173 3203 2418 3244 necesse
2463 3193 2554 3245 est
2600 3195 3002 3265 separatorum

420 3287 915 3348 constructionem
952 3306 1182 3347 servare
1225 3294 1282 3345 et
1325 3284 1500 3344 licere
1544 3280 1713 3343 etiam
1755 3283 2064 3344 ablativum
2111 3285 2466 3362 singularem
2506 3288 2773 3366 accipere
2816 3289 2875 3349 in
2911 3290 3004 3351 liis

418 3387 705 3449 adverbiis
753 3388 1141 3467 compositum
1189 3404 1322 3447 cum
1369 3385 1935 3465 praepositionibus,
1983 3386 2275 3465 quomodo
2315 3388 2586 3464 quacirca
2626 3399 3005 3470 quapropter,

420 3489 506 3551 sic
553 3490 770 3549 interea
816 3499 1142 3568 propterea.
1233 3489 1570 3564 frequenter
1613 3486 1766 3547 enim
1814 3489 1984 3548 etiam
2032 3487 2330 3568 simplices
2375 3489 2605 3551 ablativi
2651 3510 2759 3569 pro
2804 3493 3009 3553 adver-

349 3592 530 3652 aobiis
577 3590 970 3670 accipiuntur,
1019 3598 1079 3649 ut
1113 3608 1224 3650 una
1269 3609 1381 3668 qua
1427 3589 1523 3667 qui
1568 3590 1766 3649 dextra
1812 3589 2066 3651 sinistra.
2684 3584 2709 3592 ⁹

591 3693 858 3752 Domus
928 3709 1071 3769 quae
1134 3710 1271 3770 pars
1340 3691 1623 3752 orationis
1691 3690 1822 3752 est?
1909 3693 2151 3753 Nomen.
2243 3691 2474 3763 Quale?
2562 3694 3004 3774 Appellatii’um.

421 3796 601 3856 Cuius
647 3792 905 3872 speciei?
991 3796 1030 3851 Α
1081 3794 1303 3853 Graeco
1360 3792 1670 3852 derivatur.
1758 3794 1963 3855 Graeci
2021 3796 2175 3855 enim
2233 3793 2552 3871 ὁωμᾶσθαι
2604 3796 2805 3856 dicunt
2849 3799 3010 3858 aedi-

419 3900 622 3957 ficare:
672 3894 806 3955 inde
850 3903 907 3954 et
945 3888 1280 3971 ἕδωμήσατο
1327 3903 1385 3954 et
1417 3887 1612 3970 δόμος.
1688 3895 1912 3955 Graece
1957 3897 2110 3956 enim
2157 3896 2546 3957 masculinum
2593 3907 2684 3958 est
2723 3907 2781 3959 et
2803 3900 3009 3961 Latine

421 3997 794 4069 femininum,
840 3997 984 4056 haec
1025 3996 1264 4067 domm,
1311 3996 1606 4074 quomodo
1646 3986 1933 4075 ὁκρατήρ
1968 3998 2113 4057 baec
2155 4006 2407 4072 cratera,
2450 3989 2482 4056 ὁ
2527 3992 2818 4071 δεκάπους
2862 4001 3010 4061 haec

873 4088 888 4112 (⁸

348 4098 805 4179 andecempeda,
866 4118 897 4156 ο
954 4090 1202 4177 πανθήρ
1248 4098 1392 4157 haec
1438 4097 1740 4177 panthera,
1792 4089 1824 4156 ὁ
1882 4091 2099 4179 χάρτης
2144 4100 2288 4159 haec
2333 4101 2571 4175 charta,
2627 4089 2659 4159 ὁ
2705 4093 3009 4180 γαυσάπης

3049 857 3145 908 189

3050 1970 3142 2022 190

3044 2584 3134 2635 191

3049 3702 3143 3753 192

595 4319 615 4368 1
660 4317 915 4382 frangitur
953 4333 1010 4366 ac
1049 4318 1129 4368 CS
1163 4326 1208 4366 et
1243 4318 1286 4368 6
1453 4317 1486 4366 9
1525 4334 1716 4367 mimate
1749 4335 1849 4381 quo
1890 4321 2048 4382 (quod
2087 4319 2137 4383 s)
2176 4320 2305 4370 CGS
2449 4320 2503 4371 ll
2548 4324 2799 4387 pandum3
2838 4324 3008 4389 panda
3098 4366 3113 4376 i

417 4399 495 4439 est
532 4390 665 4437 enim
701 4404 781 4436 res
820 4389 1121 4436 contractior
1155 4423 1167 4435 .
1211 4388 1341 4436 unde
1381 4397 1429 4437 et
1466 4386 1677 4437 Ovidius
1716 4391 1913 4454 pandae
1946 4392 2083 4440 naris
2123 4400 2229 4439 erat
2274 4391 2643 4441 Lindemannus
2678 4408 2707 4443 e
2742 4393 2913 4443 codice
2956 4394 3004 4442 l,

583 4456 829 4521 Donatus]
881 4473 937 4520 p.
979 4458 1110 4506 1742
1293 4459 1348 4508 12
1387 4458 1437 4506 in
1478 4467 1656 4521 quarto
1693 4460 1808 4517 (llll
1847 4458 1910 4521 S)
1956 4460 2430 4524 metamorphoseon
2472 4461 2567 4519 CS,
2598 4478 2689 4511 om.
2730 4462 2773 4511 6
2805 4480 2823 4512 .-
2864 4462 3009 4513 Ouid.

416 4536 603 4578 metam.
645 4528 712 4576 111
749 4526 852 4577 674
904 4535 952 4575 et
1001 4526 1168 4591 panda
1212 4527 1434 4592 loquenti
1473 4527 1619 4576 Naris
1659 4537 1764 4577 erat
1873 4543 1989 4577 nam
2024 4557 2091 4565 —-
2128 4528 2190 4579 13
2226 4539 2302 4579 est
2338 4545 2431 4579 om.
2469 4530 2509 4579 S
2653 4532 2716 4583 16
2749 4533 2894 4582 cuius
2932 4541 3011 4582 est

419 4598 606 4663 speciei
658 4604 823 4645 utrum
875 4597 1188 4662 primitiuum
1236 4613 1301 4646 an
1352 4597 1677 4646 diriuatiuum
1716 4598 1757 4648 C
1934 4599 1995 4647 17
2043 4613 2071 4647 a
2115 4600 2208 4648 sub
2257 4600 2431 4649 subter
2467 4608 2515 4649 et
2554 4602 2616 4650 ab
2655 4616 2719 4650 ex
2759 4613 2901 4652 extra
2933 4601 3011 4653 CS

419 4668 513 4715 sub
551 4660 680 4717 subs
713 4674 761 4714 et
799 4682 862 4715 ex
893 4660 989 4716 ext*
1019 4666 1062 4715 6
1211 4668 1270 4716 19
1308 4667 1464 4717 Cuius
1508 4692 1560 4701 κ-
1606 4668 1672 4717 ·20
1711 4669 1804 4717 loci
1839 4682 1930 4717 om.
1967 4669 2010 4718 6
2182 4668 2251 4719 23
2288 4684 2347 4719 ea
2384 4685 2507 4719 uero
2544 4673 2825 4737 composita
2863 4688 3013 4721 arcu-

418 4737 615 4784 satiuus
655 4736 867 4798 pluralis
904 4749 931 4783 a
970 4734 1212 4800 produxit
1240 4745 1405 4785 tamtn
1437 4737 1564 4785 CGS
1598 4752 1656 4786 ea
1689 4753 1809 4787 uero
1848 4748 2139 4803 corruptum
2166 4776 2178 4788 .
2202 4740 2524 4789 accusatiuus
2562 4744 2694 4790 euim
2731 4742 2943 4807 pluralis
2983 4758 3014 4792 a

417 4805 650 4870 producit
689 4820 722 4859 ς
863 4804 930 4853 28
976 4806 1209 4867 quocirca
1243 4806 1329 4855 06
1390 4807 1621 4868 quocirca
1662 4806 1702 4855 S
1840 4807 1904 4856 33
1942 4816 1990 4856 et
2028 4823 2338 4859 εΔωηεςΑτο
2379 4819 2427 4857 et
2462 4810 2640 4860 domos
2680 4813 2721 4860 C
2754 4823 2803 4861 et
2841 4828 3012 4862 aonu-

418 4889 543 4923 cxro
581 4882 627 4922 et
664 4886 838 4921 armoe
872 4874 914 4921 6
952 4884 1000 4922 et
1037 4889 1314 4924 awnacero
1342 4884 1390 4924 et
1421 4890 1606 4925 aumoc
1647 4877 1687 4925 S
1717 4884 1762 4925 et
1801 4871 2033 4941 δόμησις
2063 4887 2109 4926 et
2149 4870 2178 4925 ὁ
2209 4872 2380 4941 δόμος
2407 4879 2532 4928 Azd.
2698 4879 2766 4932 35
2802 4886 3012 4947 pamel·a

417 4941 504 4991 GS
640 4952 776 4989 carta
813 4940 940 4990 CGS
977 4953 1110 4990 carta
1149 4942 1211 4990 ab
1249 4943 1438 5009 oppido
1470 4945 1694 5010 Cat-tino,
1731 4947 1817 4995 ubi
1858 4949 2074 5012 primum
2119 4964 2243 4998 usus
2282 4950 2393 4999 eins
2428 4950 2666 4999 inventus
2705 4949 2800 4999 fuit
2843 4951 2886 5000 l.
