3576 5595
519 393 586 455 2¹
604 392 643 456 8
1522 393 1890 459 PRISClANl
1942 394 2124 457 lNS'l'.

655 542 666 553 .
698 511 796 553 ιω
825 510 870 553 Ρ.
2712 541 2723 553 .
2753 510 2845 552 ¹15.
2877 511 2925 552 ιο
2951 509 3003 553 κ.

416 594 485 644 22
622 526 648 565 p
691 582 970 644 Similiter
1009 582 1276 661 genetivo
1319 581 1716 659 adiunguntur
1759 582 1983 653 omnia,
2035 601 2183 661 quae
2226 582 2475 644 obtineri
2523 583 2608 642 vel
2644 523 3108 643 dzsiderariali·

516 686 653 765 quid
711 685 1029 745 ostendunt
1080 684 1170 744 vel
1227 685 1515 745 contraria
1579 686 1688 746 his.
1793 693 1852 745 et
1908 685 2157 745 obtineri
2213 686 2446 764 quidem
2506 684 2725 763 aliquid
2788 684 3108 745 ostendunt

516 787 732 861 ‘dives‚
778 786 1087 867 copiosu8‚
1133 787 1479 867 opulentu3‚
1523 806 1735 867 capax,
1798 790 2015 848 tenax'.
2104 787 2477 865 Virgilius
2521 787 2581 848 iu
2628 788 2649 847 l
2697 787 3104 849 Aeneidis:

1252 910 1255 913 ·
2065 889 2495 952 ditissimus
2537 890 2698 970 agri

821 989 1298 1051 Phoenicum.
1764 1006 1767 1009 “
3129 1019 3155 1058 5

514 1093 669 1155 idem
712 1092 771 1153 in
809 1092 871 1153 11
912 1092 1361 1170 georgicon:

818 1193 1043 1255 Dives
1074 1209 1300 1275 *opum
1349 1194 1739 1254 variarum.
2397 1256 2408 1267 ,

514 1303 574 1358 et
609 1314 759 1374 quae
798 1294 808 1378 Ι
848 1296 1167 1357 desiderari
1215 1296 1430 1374 aliquid
1480 1296 1825 1357 ostendunt:
1891 1300 2133 1357 ‘avarus
2177 1297 2331 1360 illius
2377 1298 2491 1370 rei,
2549 1295 2833 1376 cupidus,
2881 1296 3103 1370 avidus,

515 1399 875 1472 studiosus’‚
921 1406 1124 1459 contra
1171 1418 1305 1458 vero
1351 1398 1560 1458 deesse
1588 1398 1807 1476 aliquid
1842 1399 2225 1477 significantia
2271 1402 2549 1479 ‘egenum
2597 1399 2860 1476 indigus,
2910 1399 3102 1479 inops,

512 1520 763 1583 pauper,
804 1506 1066 1561 vacuus’.
1156 1501 1518 1561 Horatius
1562 1501 1623 1562 in
1668 1501 1690 1561 1
1737 1520 2190 1561 sermonum:
3130 1513 3180 1555 ιο

2536 1603 2722 1663 horu
2740 1621 2795 1662 m
3199 1602 3204 1609 ’

816 1706 1123 1784 Semper
1162 1722 1298 1783 ego
1344 1705 1666 1784 optarim
1713 1705 2241 1785 pauperrimus
2287 1724 2452 1766 esse
2499 1704 2879 1765 bonorum.

509 1806 662 1868 idem
711 1807 770 1868 in
817 1806 879 1867 11
930 1851 1321 1868 .......

817 1909 937 1970 Sic
975 1928 1282 1970 vacuum
1326 1907 1619 1970 cerebri
1668 1909 2028 1988 populum
2075 1909 2408 1970 Phaeaca
2450 1908 2763 1988 putavit.

408 2020 475 2074 23
683 2011 848 2071 Licet
886 2020 1113 2085 autem,
1168 2020 1234 2072 ut
1278 2009 1495 2072 dic-tum
1539 2017 1659 2085 est,
1714 2012 1775 2072 in
1818 2011 2090 2072 omnibus
2144 2010 2625 2091 possessionibus
2680 2019 2739 2071 et
2772 2029 3096 2090 pronomen
3130 2028 3178 2068 15

513 2112 600 2173 vel
659 2131 872 2173 nomen
934 2113 1332 2193 possessivum
1382 2132 1487 2193 pro
1548 2113 1816 2191 genetivo
1876 2113 2144 2192 primitivi
2202 2121 2257 2173 ot
2297 2113 2551 2173 dativum
2598 2132 2705 2192 pro
2745 2131 2816 2173 eo
2855 2132 3098 2193 ponere,

511 2223 575 2277 ut
619 2215 988 2277 ‘Euandrius
1035 2216 1190 2277 lilius
1230 2216 1337 2275 suit
1382 2214 1611 2276 Pallas’
1659 2224 1716 2276 et
1757 2215 2055 2276 ‘Euandri
2093 2215 2283 2277 tilius’
2330 2224 2387 2275 et
2433 2214 2747 2276 ‘Euandro
2792 2214 2947 2276 tilius
2995 2213 3098 2275 suit

511 2315 731 2393 Pallas;
772 2317 1147 2378 Telamonius
1187 2317 1342 2377 lilius
1388 2317 1494 2378 suit
1536 2317 1698 2377 Aiax'
1745 2325 1806 2378 et
1848 2318 2228 2411 ‘Telamonis’
2276 2326 2336 2378 et
2373 2316 2696 2378 ‘Telamoni
2739 2316 2891 2377 tilius
2926 2318 3098 2392 Aiax3

426 2418 473 2455 “·
510 2428 679 2499 pater
718 2439 887 2480 meus
927 2419 1036 2481 suit
1069 2419 1462 2480 Aristarclius'
1506 2430 1564 2479 et
1608 2421 1803 2499 ‘pater
1845 2420 1985 2480 mei'
2031 2428 2090 2480 et
2135 2424 2326 2498 ‘pater
2367 2418 2541 2494 mihi3
2582 2418 2766 2479 cliens
2797 2419 3099 2479 Tullianus

510 2521 620 2582 suit
664 2522 947 2583 Roscius’
994 2527 1053 2581 et
1097 2521 1314 2581 ‘cliens
1357 2521 1565 2582 Tullii’
1613 2531 1671 2583 et
1711 2521 1934 2584 ‘Tullio
1984 2522 2092 2583 suit
2130 2521 2434 2582 Roscius’.
2873 2560 2881 2569 -
3121 2540 3174 2581 zo

682 2623 963 2683 Similiter
1017 2622 1211 2684 omnia
1270 2624 1343 2683 ad
1408 2623 1622 2701 aliquid
1679 2624 1924 2684 eandem
1972 2604 2470 2684 constructionem
2514 2629 2764 2683 servant.
2855 2631 2913 2682 et
2952 2622 3099 2682 haec

509 2725 664 2786 enim
710 2725 1104 2806 possidentur.
1193 2726 1441 2786 maximo
1489 2734 1683 2788 autem
1739 2726 1972 2804 quando
2031 2726 2103 2787 ad
2149 2725 2391 2805 gratiam
2435 2724 2521 2785 vel
2571 2724 2874 2786 utilitatem
2919 2725 3099 2785 alicu-

509 2825 601 2890 ius
644 2827 733 2889 vel
772 2836 976 2890 contra
1018 2827 1237 2907 aliquid
1275 2830 1401 2890 fieri
1446 2830 1714 2891 volumus
1762 2829 2125 2908 significare,
2173 2828 2379 2889 dativis
2419 2829 2653 2888 utimur.
2741 2828 3096 2888 Lucanus

508 2930 568 2990 in
613 2931 708 2992 ll:

1421 3033 1584 3095 urbi
1627 3042 1848 3113 pater
1892 3041 2007 3094 est
2052 3031 2372 3110 urbique
2417 3033 2763 3106 marituS,
3122 3050 3174 3092 25

404 3147 472 3196 24
510 3133 567 3194 iel
610 3142 702 3196 est
743 3133 843 3194 ‘ad
886 3133 1190 3195 utilitatem
1237 3134 1397 3195 urbis
1455 3146 1512 3197 et
1566 3145 1731 3215 pater
1791 3137 1916 3196 lieri
1962 3155 2175 3216 passus
2220 3142 2310 3194 est
2352 3142 2411 3194 et
2457 3134 2744 3195 maritus’.
2834 3132 3097 3194 similiter

508 3255 647 3314 ergo
692 3256 1009 3317 possumus
1049 3237 1246 3297 dicere
1304 3238 1509 3298 ‘sortis
1550 3239 1769 3318 patriae
1816 3239 1983 3298 sum’
2030 3244 2088 3297 et
2135 3235 2368 3296 ‘multis
2411 3236 2618 3296 fortior
2661 3234 2883 3315 patriae
2929 3242 3092 3296 sum’

507 3347 566 3399 et
608 3339 894 3401 ‘omnium
936 3338 1277 3400 utilissimus
1318 3340 1539 3419 patriae
1585 3344 1739 3400 sum'
1786 3349 1846 3401 et
1889 3342 2258 3400 ‘cunctorum
2302 3338 2605 3418 piissimus
2647 3337 2871 3417 patriae
2918 3340 3095 3398 sum’.

505 3460 639 3502 nam
692 3441 1076 3521 positivorum
1132 3442 1492 3501 constructio
1562 3442 1735 3502 etiam
1801 3441 2207 3521 comparativis
2276 3448 2334 3500 et
2402 3440 2769 3522 superlativis
2834 3448 3098 3501 servatur

505 3551 666 3604 extra
711 3562 878 3604 suam
923 3543 1154 3604 illorum
1201 3543 1736 3618 constructionem,
1783 3562 1958 3622 quam
2007 3542 2226 3603 habent
2267 3542 2325 3603 in
2371 3544 2787 3624 comparando.
3121 3556 3172 3598 30

647 3722 673 3772 1
715 3723 933 3787 optineri
972 3721 1075 3771 RN
1229 3722 1442 3772 obtineri
1483 3721 1675 3785 aliquid
1710 3722 1983 3773 ostendunt
2021 3721 2101 3771 uel
2141 3723 2422 3772 desiderari
2459 3720 2501 3770 S
2654 3724 2686 3772 2
2724 3721 2804 3770 his
2839 3736 2968 3784 quae
3006 3721 3094 3771 ob·

502 3793 646 3840 tineri
686 3793 880 3854 aliquid
918 3791 1020 3853 (l.)
1197 3793 1412 3857 optineri
1455 3793 1556 3842 RN
1727 3794 1760 3844 3
1799 3793 2057 3857 copiosius
2093 3791 2134 3840 S
2319 3792 2474 3856 Very.
2513 3791 2642 3839 Aen.
2684 3792 2697 3839 l
2737 3790 2838 3841 343
2874 3806 2952 3855 sq.

502 3862 743 3910 aeneidos
783 3861 874 3911 01)
912 3877 993 3927 en.
1034 3861 1085 3910 N
1234 3862 1265 3910 5
1304 3862 1578 3926 phenicium
1612 3866 1660 3915 L
1816 3864 1850 3913 6
1895 3865 2050 3927 Ver-9.
2079 3877 2254 3926 yeorq.
2299 3863 2339 3910 ll
2377 3863 2480 3912 468
2635 3860 2663 3908 7
2699 3875 2827 3923 opus
2865 3859 2906 3908 Ο
3060 3860 3092 3910 8

502 3939 556 3980 ut
588 3946 775 3982 auarus
815 3932 929 3992 (M)
1106 3928 1261 3996 illius]
1299 3933 1335 3979 d
1368 3932 1438 3980 illi
1476 3933 1519 3979 0
1693 3933 1727 3983 9
1765 3933 2027 3982 studiosus
2066 3933 2248 3981 auidus
2282 3931 2394 3994 (M)
2572 3929 2800 3995 indigus]
2846 3933 2874 3978 1
2916 3931 3091 3994 indiga

499 4001 619 4051 libri
796 4001 856 4050 lO
893 4001 1026 4052 Hor.
1069 4017 1216 4051 serm.
1255 4002 1269 4048 l
1313 4002 1368 4064 1,
1411 4003 1477 4053 78
1511 4018 1590 4065 sq.
1772 4004 1832 4052 12
1869 4018 1965 4066 ego
2003 4017 2202 4066 semper
2242 3999 2290 4048 N
2459 4000 2672 4050 obtmim
2709 3999 2749 4047 S
2784 4009 3011 4064 optarem
3047 4001 3098 4048 N

500 4086 607 4119 eum
642 4073 813 4136 aliqua
845 4079 998 4134 parce
1027 4071 1172 4120 codd.
1212 4071 1344 4123 Hor.
1490 4073 1736 4121 bonorum
1775 4087 1846 4120 ex
1881 4073 2150 4120 uerborum
2186 4086 2321 4120 corr.
2362 4070 2410 4117 N
2552 4069 2615 4120 13
2648 4077 2764 4132 post
2795 4070 2928 4118 idem
2963 4071 3011 4118 in
3050 4072 3091 4120 11

499 4141 692 4190 excidit
716 4151 806 4191 aut
827 4143 948 4190 Sive
973 4155 1181 4204 operum
1204 4155 1363 4189 vacuo
1394 4149 1566 4204 gratus
1591 4143 1805 4190 conviva
1828 4156 1920 4205 per
1940 4143 2149 4190 imbrem
2177 4143 2336 4203 (Hor.
2362 4155 2512 4192 serm.
2539 4141 2580 4188 ll
2613 4143 2644 4190 2
2663 4177 2675 4196 .
2706 4139 2824 4202 119)
2852 4148 2940 4188 aul
2963 4142 3095 4188 alius

502 4213 684 4274 aliquis
716 4227 894 4261 versus
930 4227 1000 4260 ex
1030 4210 1121 4259 hoe
1157 4211 1285 4260 libro
1315 4213 1522 4272 petitus,
1560 4219 1656 4260 tune
1696 4212 1950 4260 luvenalis
1987 4213 2036 4260 ἰιι
2068 4211 2114 4259 V
2254 4214 2362 4260 Iuv.
2385 4217 2482 4259 sae.
2517 4210 2558 4255 V
2602 4210 2680 4270 15,
2700 4211 2769 4258 23
2807 4218 2907 4258 tam
2945 4210 3094 4260 vacui

502 4281 686 4344 capitis
726 4281 967 4346 populum
1009 4280 1236 4329 Phaeaca
1277 4281 1509 4344 potavit?
1556 4281 1624 4344 cf.
1664 4289 1762 4330 sat.
1811 4281 1897 4341 14,
1931 4282 1996 4331 57
2036 4287 2171 4329 extr.
2211 4293 2529 4341 vectiumque
2568 4280 2804 4336 cerebro,
2849 4280 2922 4328 ad
2955 4295 3094 4345 quem

503 4366 698 4400 versum
730 4358 925 4414 spectat
957 4352 989 4413 S
1026 4349 1088 4401 31
1258 4351 1319 4400 14
1363 4349 1629 4415 populum]
1668 4367 1699 4399 r
1737 4352 1982 4415 pupulum
2019 4350 2065 4399 R
2230 4349 2426 4414 pbeaea
2463 4347 2602 4398 DSl.
2641 4349 2749 4398 lun.
2790 4349 2923 4399 Pille.
2965 4348 3092 4414 pho-

506 4434 629 4486 qnca
668 4421 720 4468 N
895 4421 957 4471 15
1003 4420 1065 4469 do
1105 4420 1401 4486 pronomine
1439 4429 1487 4470 et
1525 4421 1728 4470 nomine
1761 4422 2056 4486 possessiuo
2094 4421 2144 4468 in
2174 4435 2266 4484 my.
2307 4422 2465 4468 inscr-
2504 4420 2541 4468 d
2713 4419 2762 4468 in
2806 4419 3093 4468 nominibus

2801 4491 3094 4499 -----------------------

509 4522 745 4570 omnibus
784 4525 832 4572 L
976 4520 1223 4586 pronon*
1266 4525 1313 4573 L
1459 4525 1520 4574 17
1560 4524 1652 4572 suit
1688 4523 1824 4573 filius
1862 4525 2029 4590 pallas
2064 4521 2147 4573 OS
2284 4522 2382 4572 fuit
2418 4521 2587 4571 Pallas
2619 4539 2711 4576 om.
2749 4526 2798 4572 D
2939 4537 3093 4570 euan-

509 4591 601 4639 dro
642 4592 775 4639 tilius
812 4592 948 4641 fitius
985 4593 1079 4643 l'nit
1112 4593 1154 4642 S
1300 4594 1363 4644 18
1394 4594 1658 4643 Telamoni
1691 4592 1848 4658 tilius]
1872 4597 1963 4652 sic,
1997 4594 2134 4643 filius
2170 4595 2220 4642 in
2257 4608 2350 4657 my.
2394 4592 2542 4653 add„
2579 4592 2628 4641 L
2799 4589 2952 4656 Aiax]
2999 4591 3094 4640 suit

507 4661 627 4709 aiax
666 4661 860 4711 MONd
894 4663 1042 4711 sicuti
1086 4665 1203 4712 aiax
1244 4666 1293 4714 D
1328 4664 1465 4714 filius
1501 4665 1619 4713 aiax
1651 4661 1692 4712 S
1837 4663 1900 4713 19
1945 4665 2043 4714 mei
2075 4665 2264 4741 5933&
2298 4673 2347 4712 et
2377 4672 2520 4728 pater
2555 4662 2710 4728 inq-ibi
2746 4664 2794 4713 L
2938 4660 3090 4710 michi

505 4761 546 4811 S
684 4761 753 4812 20
787 4764 897 4812 tulii
936 4766 981 4815 R
1143 4774 1190 4815 et
1234 4766 1393 4815 cliens
1440 4766 1584 4816 tullio
1618 4765 1747 4830 (O)r
1899 4768 2175 4817 leomnia
2212 4770 2263 4816 in
2300 4782 2390 4830 my.
2431 4767 2551 4815 add.
2592 4768 2640 4816 L
2797 4765 2862 4814 ad
2899 4764 3092 4826 aliquid

509 4832 643 4882 dicta
677 4832 892 4881 eandem
929 4833 1043 4882 MN
1189 4836 1256 4886 ‘23
1291 4835 1483 4901 contra]
1516 4838 1553 4885 d
1588 4837 1838 4886 contraria
1872 4840 1919 4887 D
2074 4838 2199 4885 Luc.
2245 4836 2432 4889 Phar-5.
2477 4837 2519 4885 ll
2559 4836 2662 4888 388
2832 4836 2900 4886 24
2934 4836 2985 4883 iu
3025 4833 3090 4884 Xl

508 4902 557 4951 L
698 4901 766 4952 28
797 4903 1061 4968 piissimus
1094 4903 1311 4972 patriae]
1349 4907 1595 4972 pissimus
1628 4908 1757 4973 patri
1792 4909 1841 4956 L
1981 4907 2049 4958 20
2075 4907 2439 4971 possitiuorum
2478 4908 2526 4955 L
