3576 5595
1349 438 1576 502 mnan
1619 438 1786 501 xv11·
1821 449 2132 506 174—181
2903 414 3023 503 1429

534 571 576 612 p.
609 558 722 601 1107.
753 558 851 599 1¹08
891 557 935 600 P.
2623 568 2664 609 p.
2695 556 2758 599 96.
2789 558 2839 599 97
2870 556 2917 601 Κ.

432 650 562 692 rum
608 649 746 691 vero
792 648 1082 709 personae
1121 627 1403 689 diversae.
1495 636 1691 707 potest
1732 635 1929 688 tamen
1975 635 2033 688 ct
2072 628 2199 693 sine
2244 627 2655 689 coniunctione
2695 628 2809 689 dici
2854 634 3019 692 ‘mea
3063 639 3162 692 178

432 754 527 795 res
565 740 661 793 tua
709 740 831 807 est,
884 732 1117 793 animus
1156 748 1323 790 meus
1368 738 1506 790 tuus
1545 731 1705 802 est'‚
1760 730 1824 791 in
1868 748 1985 808 quo
2032 738 2229 791 tamen
2268 729 2528 791 diversas
2574 730 2847 809 intellego
2891 752 3024 811 per-

431 853 606 897 sonas
649 852 1082 915 possessorum.
1174 832 1345 893 ‘ille'
1392 837 1585 892 autem
1632 832 1817 909 ‘ego'
1869 839 1926 891 et
1967 834 2071 891 ‘tu
2103 831 2270 911 ipse’
2319 840 2375 891 et
2416 830 2550 893 ‘hic-
2582 834 2726 909 ego'
2774 841 2831 892 et
2872 835 3021 895 ‘istc

431 942 563 1017 ego’
614 946 673 998 et
716 937 911 998 omnia
958 936 1166 998 tertiae
1210 953 1501 1014 personae
1547 934 1896 1012 pronomina
1943 932 2201 1013 exceptis
2250 930 2392 994 ‘sui'
2440 942 2495 994 et
2540 934 2666 995 eius
2707 934 3021 997 derivativo

376 1055 401 1094 5
428 1042 652 1103 ‘snus’
699 1040 840 1100 licet
879 1048 938 1100 et
992 1038 1215 1118 primae
1259 1043 1317 1097 et
1362 1035 1656 1096 secundae
1698 1037 1942 1114 figurate
1989 1034 2087 1095 nni
2136 1034 2442 1113 eidemque
2489 1035 2846 1115 coniungere
2890 1058 3022 1117 per-

429 1158 641 1217 sonae;
696 1144 755 1202 in
804 1140 997 1202 verbis
1047 1158 1215 1213 vero,
1273 1138 1407 1216 quia
1458 1156 1572 1197 una
1627 1146 1717 1198 est
1774 1137 1900 1198 sola
1945 1156 2052 1197 vox
2110 1137 2314 1198 tertiae
2372 1156 2690 1216 personae,
2744 1157 2877 1200 cuin
2929 1160 3022 1201 se-

429 1245 616 1307 cunda
664 1245 749 1305 vel
787 1243 973 1324 prima
1022 1242 1081 1303 in
1117 1260 1233 1302 una
1280 1239 1601 1317 eademque
1648 1258 1900 1320 persona
1946 1239 2132 1318 accipi
2171 1258 2290 1299 non
2348 1247 2573 1319 potest,
2631 1258 2805 1300 nemo
2865 1242 3016 1304 enim

426 1347 565 1407 dicit
603 1347 792 1407 ‘facio
839 1349 935 1406 tn'
977 1343 1064 1404 vel
1112 1343 1286 1404 ‘ille’
1332 1341 1419 1402 vel
1467 1339 1650 1402 ‘sacis
1696 1344 1850 1419 ego'
1898 1340 1984 1400 vel
2031 1340 2200 1400 ‘ille'
2245 1340 2332 1401 vel
2376 1341 2539 1402 ‘facit
2578 1345 2710 1419 ego'
2757 1342 2845 1403 vel
2882 1350 3017 1420 (ω’,

428 1448 675 1526 singulis
728 1447 884 1507 enim
942 1445 1118 1507 verba
1175 1442 1414 1506 vocibus
1479 1443 1740 1522 singulas
1801 1443 2185 1521 significantia
2217 1437 2244 1525 ss
2273 1461 2560 1523 personas
2606 1462 2707 1505 eas
2749 1454 2913 1507 extra
2955 1467 3018 1507 se

351 1563 400 1604 10
427 1550 552 1612 aliis
590 1548 1035 1611 accommodare
1079 1564 1363 1627 personas
1409 1564 1526 1605 non
1576 1544 1896 1624 patiuntur.

592 1652 665 1712 Et
708 1651 847 1732 qnid
893 1649 1105 1710 mirum
1150 1648 1210 1708 in
1246 1665 1628 1727 personarum
1675 1645 2032 1707 discretione
2072 1645 2514 1724 coniugatarum
2545 1645 2660 1707 hoc
2690 1648 2833 1722 lieri,
2880 1668 3013 1711 cnm
3053 1659 3152 1709 179

423 1754 598 1814 liceat
643 1756 818 1814 etiam
869 1771 938 1812 ex
991 1750 1284 1812 contrario
1335 1767 1403 1809 ex
1462 1747 1796 1809 indiscretis
1853 1747 2167 1826 generibus
2206 1746 2294 1807 vel
2337 1747 2598 1809 numeris
2648 1749 2736 1809 vel
2781 1750 3016 1813 casibus

425 1855 511 1914 vel
559 1854 923 1935 temporibus
967 1853 1081 1915 hoc
1119 1851 1429 1912 manifesto
1482 1849 1857 1947 intelltfflerm
1914 1849 2132 1930 quippe
2184 1868 2318 1911 cum
2374 1849 2502 1929 ipsa
2560 1851 2909 1912 confusione
2948 1853 3018 1913 li-

424 1958 611 2017 centia
658 1957 829 2018 datur
870 1955 928 2015 in
962 1950 1207 2014 diversis
1238 1971 1306 2013 ea
1346 1952 1873 2030 significationibus
1904 1952 2190 2033 accipere.
2280 1970 2417 2013 nam
2456 1951 2655 2026 ‘mihi,
2702 1952 2836 2028 tibi,
2871 1954 3012 2031 sibi;

350 2073 397 2112 ¹⁵
426 2078 549 2133 me,
596 2066 685 2132 te,
725 2061 822 2119 sc'
882 2076 1015 2117 cum
1061 2074 1180 2118 non
1221 2054 1558 2117 discernant
1598 2072 1848 2133 genera,
1901 2052 2037 2114 licet
2094 2054 2559 2132 quibuscumque
2601 2054 2793 2134 placet
2838 2075 3016 2134 gene-

424 2160 586 2220 ribus
632 2179 699 2219 ea
731 2158 1121 2236 coniungere,
1166 2164 1232 2217 ut
1275 2158 1394 2217 ‘me
1426 2156 1645 2235 ipsum'
1687 2165 1745 2216 et
1785 2156 1906 2214 ‘me
1938 2155 2160 2234 ipsam;
2204 2165 2262 2217 te
2293 2157 2513 2236 ipsum'
2553 2163 2612 2216 et
2653 2158 2737 2217 ‘te
2777 2158 3011 2237 ipsain’.

424 2259 621 2334 ‘clari‚
668 2260 894 2321 clarae'
941 2278 1060 2320 non
1114 2258 1369 2321 secernit
1413 2276 1752 2319 numerum:
1829 2255 1967 2317 licet
1998 2275 2137 2335 ergo
2183 2265 2239 2318 et
2280 2256 2674 2336 singularibus
2719 2266 2778 2319 et
2818 2259 3015 2340 plura-

422 2360 576 2422 libus
621 2380 688 2427 ea
736 2361 977 2422 sociare.

591 2464 911 2536 ‘SenatuS‚
958 2481 1198 2536 curruS‚
1240 2462 1463 2535 vultuS‚
1508 2460 1722 2535 sacieS‚
1768 2479 1898 2534 τρε,
1940 2466 2113 2541 spes'
2154 2460 2422 2522 similiter
2467 2462 2828 2524 diversorum
2875 2473 3013 2525 sunt

346 2579 395 2620 πο
420 2584 664 2627 casuum
717 2564 1083 2626 communia:
1145 2563 1282 2624 licet
1345 2582 1484 2641 ergo
1549 2561 1907 2641 quibuslibet
1971 2582 2172 2623 eorum
2233 2563 2536 2644 aptissime
2595 2583 2663 2625 ea
2715 2565 3007 2645 copulare.

418 2666 611 2728 omnia
674 2666 845 2728 verba
892 2665 1184 2746 praeteriti
1245 2665 1489 2744 perfecti
1549 2664 1915 2726 subiunctiva
1963 2672 2020 2725 et
2076 2665 2255 2727 futuri
2295 2666 2531 2727 easdem
2571 2685 2745 2727 voces
2787 2666 3005 2729 habent
3046 2678 3146 2729 180

416 2768 638 2848 absque
678 2769 864 2850 prima
908 2786 1193 2848 persona:
1233 2765 1377 2829 nihil
1420 2766 1595 2845 igitur
1631 2765 1904 2849 prohibet
1941 2767 2002 2828 in
2048 2767 2267 2829 utrovis
2300 2775 2564 2847 tempore
2608 2786 2675 2829 ea
2719 2768 3005 2849 accipere.

290 2899 327 2914 =
416 2871 717 2951 participia
768 2870 1097 2949 praesentis
1142 2869 1422 2949 temporis
1467 2877 1526 2929 et
1570 2869 1793 2930 infinita
1854 2869 2057 2931 eadem
2110 2870 2282 2930 etiam
2342 2870 2636 2950 praeteriti
2682 2871 3008 2950 imperfecti

418 2979 584 3033 sunt:
644 2972 782 3033 licet
835 2971 1010 3048 igitur
1066 2970 1378 3049 utrobique
1435 2990 1502 3032 ea
1554 2973 1851 3050 proferre,
1912 2980 1976 3032 ut
2032 2971 2335 3034 ‘scribens
2392 2972 2566 3034 hodie
2611 2973 2891 3052 proticio'
2948 2980 3009 3034 et

341 3088 392 3128 25
420 3073 686 3134 scribens
730 3073 856 3134 lieri
900 3070 1276 3152 proficiebam
1292 3075 1333 3147 ’,
1375 3076 1383 3150 Ι
1424 3082 1483 3133 et
1528 3071 1826 3134 ‘scribere
1871 3074 1999 3135 volo
2046 3073 2255 3134 liodie'
2301 3083 2359 3134 et
2403 3073 2698 3135 ‘scribere
2740 3074 3004 3135 volebam

406 3175 587 3260 lieri'.
679 3175 982 3235 sciendum
1028 3182 1254 3246 tamen,
1300 3174 1629 3252 quodlicet
1674 3175 1847 3235 etiam
1887 3176 2214 3254 praeteritis
2265 3176 2544 3256 perfectis
2575 3184 2633 3236 et
2661 3175 3003 3255 plusquam·
3043 3188 3137 3241 181

415 3277 694 3358 perfectis
750 3276 1054 3358 participia
1114 3275 1204 3335 vel
1261 3276 1486 3336 infinita
1546 3295 1723 3356 supra
1791 3276 1944 3338 dicta
2010 3295 2251 3339 sensum
2310 3278 2611 3358 praeteriti
2677 3259 3002 3357 imperfecti

559 3467 582 3517 1
625 3463 815 3530 tannen]
852 3480 882 3513 r
917 3478 1061 3515 amen
1094 3463 1142 3513 R
1306 3463 1628 3513 coniuntione
1662 3462 1705 3511 S
1867 3462 1899 3514 3
1937 3464 2048 3527 ipse
2085 3463 2178 3512 hec
2214 3463 2297 3513 hic
2336 3480 2430 3530 ego
2465 3463 2590 3527 (hec
2622 3479 2691 3513 eae
2727 3462 2810 3513 liic
2844 3479 3001 3528 corr„

415 3533 498 3583 bic
536 3538 583 3585 in
616 3551 723 3585 ras.
763 3550 791 3584 e
828 3532 1002 3597 corr.)
1039 3535 1093 3583 N
1229 3543 1277 3583 et
1304 3540 1359 3598 tu
1388 3533 1475 3582 hic
1510 3532 1590 3582 Ην
1727 3535 1760 3582 4
1797 3533 1951 3582 tercie
1982 3548 2197 3598 persone
2235 3534 2277 3583 S
2416 3543 2630 3599 excepto
2670 3533 2775 3584 MS
2912 3549 3002 3583 ex-

414 3605 579 3668 ceptis
615 3602 715 3670 sui]
754 3620 786 3653 r·
820 3605 1017 3670 excepti
1056 3604 1139 3653 sui
1177 3602 1220 3652 R
1376 3603 1603 3668 exceptis
1644 3625 1710 3638 —-
1750 3602 2019 3665 eidemque
2055 3619 2148 3655 ont.
2179 3602 2222 3652 S
2376 3605 2409 3654 5
2445 3604 2562 3653 licet
2588 3604 2785 3668 primae
2822 3602 2865 3653 0

413 3675 632 3740 figurate
666 3676 718 3724 N
853 3675 887 3725 6
926 3670 1117 3738 verbis]
1148 3688 1179 3720 r
1211 3673 1367 3722 uerbo
1401 3673 1449 3724 R
1592 3685 1695 3721 uox
1732 3673 1928 3737 primae
1963 3680 2013 3722 et
2048 3673 2305 3723 secundae
2334 3673 2470 3737 (σίζ’)
2503 3674 2680 3724 tertiae
2717 3674 2769 3723 N
2907 3680 3004 3722 ter·

414 3745 491 3793 cie
525 3760 744 3810 persone
768 3743 810 3792 S
964 3757 1078 3791 cum
1112 3739 1360 3876 secunda}
1399 3758 1430 3791 r
1460 3742 1786 3792 cunsecunda
1821 3744 1866 3792 lt
1904 3758 2015 3791 cnm
2049 3744 2214 3809 prima
2251 3751 2298 3791 ct
2332 3743 2557 3794 secunda
2592 3744 2669 3809 (et
2704 3745 2851 3793 tertia
2887 3758 3000 3804 sup.

411 3815 500 3865 lin.
539 3813 693 3874 add.)
728 3815 778 3864 L
945 3815 975 3863 7
1028 3812 1108 3861 vel
1155 3812 1321 3877 prima
1407 3812 1489 3861 uel
1541 3812 1703 3875 prima
1741 3811 1820 3860 uel
1860 3813 2007 3861 tertia
2049 3815 2100 3863 N
2146 3812 2228 3861 uel
2260 3813 2403 3861 tertia
2439 3813 2498 3861 M
2651 3815 2685 3861 8
2720 3813 2849 3863 facis
2880 3828 3001 3878 ergo

413 3885 490 3934 131·
634 3883 698 3936 10
727 3881 1034 3932 acomodare
1072 3883 1123 3931 N
1157 3881 1488 3933 accomodare
1524 3880 1565 3929 S
1600 3881 1925 3931 commodare
1957 3882 2004 3932 12
2035 3883 2080 3945 f.
2121 3889 2258 3932 recte
2415 3883 2683 3947 paciuntur
2716 3883 2784 3932 M
2938 3881 2995 3932 11

412 3950 741 4017 discretione]
783 3970 814 4002 r
852 3952 1150 4002 discreaone
1187 3950 1233 4000 R
1393 3952 1453 4001 12
1491 3950 1611 4000 licet
1645 3950 1827 4000 ONSL
1993 3967 2056 4001 ex
2096 3953 2377 4001 econtrario
2416 3954 2464 4001 L
2637 3951 2701 4002 13
2733 3951 3003 4001 manifeste

414 4024 478 4072 M
614 4018 939 4084 contusione]
980 4038 1012 4069 r
1048 4020 1367 4071 consessione
1405 4022 1453 4071 R
1486 4020 1814 4070 consus-sione
1843 4021 1892 4071 L
2043 4021 2257 4072 licencia
2289 4021 2332 4071 S
2501 4021 2565 4071 14
2602 4024 2662 4071 ea
2698 4021 2762 4070 M
2901 4036 2998 4070 nan

411 4092 536 4144 mihi
569 4094 616 4144 R
791 4091 853 4140 15
889 4091 1181 4141 discernant
1214 4089 1433 4157 genera]
1472 4107 1502 4140 r
1544 4090 1846 4140 disceuuant
1881 4106 2004 4155 gera
2037 4091 2083 4141 R
2264 4093 2327 4142 16
2364 4091 2639 4155 coningere
2674 4091 2719 4142 lt
2890 4106 2999 4141 mc*

410 4160 665 4229 ipsum(t)
694 4160 740 4210 R
883 4168 930 4209 et
963 4176 1054 4211 om.
1088 4161 1176 4222 (O)
1320 4168 1367 4209 te
1406 4162 1574 4226 ipsum
1610 4169 1659 4209 et
1694 4169 1742 4209 te
1773 4157 1964 4226 ipsam]
2004 4177 2094 4211 om.
2128 4159 2242 4221 RS,
2281 4163 2332 4209 in
2363 4176 2456 4225 my.
2490 4160 2612 4212 add.
2651 4176 2681 4208 r
2822 4167 2871 4209 et
2904 4175 2996 4210 om.

411 4232 499 4293 (O)
658 4230 719 4280 17
756 4229 891 4279 clare
928 4231 1134 4282 RMDS
1273 4229 1512 4296 secernit]
1551 4246 1581 4278 r
1616 4238 1849 4280 secernat
1881 4232 1928 4281 R
1965 4239 2232 4280 secernunt
2262 4231 2314 4280 N
2349 4230 2642 4279 discernunt
2676 4230 2789 4291 (Ji)
2935 4230 3000 4280 18

409 4302 596 4352 sotiare
631 4300 680 4347 D
855 4299 918 4350 19
952 4298 1189 4365 senatus]
1234 4316 1264 4348 r
1297 4302 1490 4350 senatis
1529 4301 1574 4352 R
1748 4297 1901 4365 spes]
1935 4301 1973 4349 d
2015 4317 2109 4366 pes
2141 4301 2187 4348 D
2363 4298 2431 4348 20
2463 4302 2598 4350 inter
2629 4301 2916 4348 communia
2951 4307 3001 4349 ee

409 4371 525 4420 licet
560 4384 715 4434 ergo:
762 4368 882 4419 licet
922 4385 1043 4435 ergo
1091 4369 1444 4434 (quibuslibet
1486 4384 1659 4419 eornm
1696 4386 1811 4432 sup.
1850 4373 1936 4420 lin.
1975 4370 2096 4420 add.
2144 4369 2238 4419 sed
2261 4376 2450 4431 postea
2485 4369 2586 4422 del.
2632 4369 2693 4431 r)
2733 4376 2783 4417 et
2819 4370 2998 4433 siugu-

408 4440 603 4490 laribns
648 4449 696 4488 et
732 4439 1019 4505 pluralibus
1058 4441 1252 4490 sociare
1283 4450 1490 4489 senatur
1524 4438 1646 4503 (sic)
1682 4455 1862 4489 currus
1901 4438 2072 4488 uultus
2109 4438 2270 4488 facies
2301 4455 2325 4487 s
2369 4454 2423 4488 es
2461 4453 2558 4489 rea.
2632 4438 2882 4488 Similiter
2919 4438 2997 4487 di-

409 4523 670 4560 uersorum
709 4520 828 4560 sunt
857 4524 1069 4562 casuum
1105 4511 1390 4558 communia
1434 4510 1556 4559 add.
1592 4510 1637 4559 R
1674 4511 1772 4559 del.
1813 4525 1845 4556 r
2011 4508 2320 4571 quibuslibet
2383 4525 2412 4557 r
2451 4507 2666 4571 quilibet
2700 4509 2747 4560 R
2911 4522 2997 4556 ea-

408 4596 519 4630 rnm
554 4580 665 4629 MD
804 4580 1070 4643 aptissime
1099 4595 1214 4642 sup.
1249 4580 1339 4632 lin.
1380 4579 1503 4631 add.
1548 4579 1594 4627 L
1734 4592 1796 4627 ea
1828 4593 1921 4627 om.
1964 4577 2005 4627 O
2164 4577 2229 4626 21
2266 4578 2420 4628 verba
2449 4593 2540 4627 om.
2576 4579 2625 4628 L
2783 4577 2997 4628 subiun-

407 4650 513 4699 tiua
545 4649 587 4699 S
634 4649 971 4699 subnunctiua
1008 4650 1054 4699 R
1105 4649 1481 4699 subiunctatiua
1520 4649 1561 4698 0
1605 4647 1935 4698 subiunctiua
1967 4656 2083 4697 sunt
2120 4646 2167 4696 L
2348 4657 2397 4698 et
2431 4647 2590 4698 futuri
2623 4655 2673 4697 et
2708 4647 2913 4697 easdem
2950 4647 2997 4696 L

1955 4742 2006 4769 Ba

546 4732 730 4819 habent
765 4768 844 4818 Rr
982 4769 1049 4820 22
1087 4769 1244 4819 nichil
1282 4769 1372 4820 NS
1536 4768 1733 4834 proibet
1769 4766 1813 4816 S
1977 4768 2239 4832 eaccipera
2267 4769 2344 4818 Ην·
2504 4767 2571 4819 23
2608 4765 2803 4815 infinita
2840 4768 2997 4816 uerba
3050 4795 3061 4807 ·

408 4856 588 4905 eadem
626 4856 694 4905 M
832 4856 984 4905 etiam
1017 4871 1128 4919 sup.
1168 4859 1257 4908 lin.
1296 4857 1420 4906 add.
1458 4872 1488 4905 r
1626 4857 1693 4905 24
1728 4853 1999 4916 utrubique
2031 4855 2111 4903 Lr
2250 4855 2317 4905 25
2351 4855 2547 4905 seibere
2584 4853 2700 4901 uolo
2740 4854 2787 4903 L
2927 4853 2996 4904 26

401 4948 523 5007 pose
559 4940 1077 5008 plusquamperfectis
1106 4958 1220 5016 ,⁸9⁹-
1254 4967 1319 4978 -—-
1349 4941 1635 5012 imperfecti
1667 4955 1759 4990 om.
1794 4942 1843 4991 11
1876 4942 1928 4990 in
1964 4955 2056 5005 my.
2099 4940 2223 4990 add.
2263 4956 2294 4988 r
2463 4941 2529 4991 27
2563 4940 2783 5006 partipia
2819 4940 2862 4990 S
