3576 5595
1210 392 1214 401 ’
1315 387 1542 451 LIBER
1585 387 1737 451 XVII
1790 398 2080 455 189—195
2864 392 2987 457 203

504 518 546 559 p.
578 506 690 548 1111.
724 505 773 546 12
800 503 845 547 r.
2539 520 2581 561 p.
2611 511 2701 553 100.
2734 511 2806 552 101
2835 509 2886 555 κ.

401 578 593 640 cunda
628 595 879 657 persona
925 575 1143 639 babere
1185 577 1633 650 nominativum,
1675 576 2001 638 vocativum
2037 595 2173 638 vero
2223 597 2343 640 non
2389 578 2579 642 solum
2620 583 2985 662 pronomina,

402 681 505 743 sed
550 681 723 741 etiam
772 679 1008 742 nomina
1058 688 1117 742 et
1172 680 1477 761 participia
1534 678 1785 752 habent,
1844 679 1942 757 qui
2001 699 2174 741 casus
2226 682 2501 762 proprius
2560 692 2651 745 est
2696 685 2988 748 secundae

400 802 721 864 personae,
770 792 834 845 ut
877 783 1108 845 ‘scribe
1150 783 1387 861 Virgili'
1437 790 1497 843 et
1539 781 1787 843 ‘scribis
1822 781 2016 860 virgili
2031 786 2070 843 '.
2163 783 2269 844 sed
2306 785 2461 863 quod
2508 786 2682 847 etiam
2721 788 2989 850 nomina-

400 888 497 949 tivi
543 886 801 947 omnium
844 885 1166 947 casualium
1212 885 1487 946 secundis
1533 883 1841 945 verborum
1893 891 1982 945 est
2021 885 2253 963 quando
2308 888 2743 967 coniunguntur
2785 909 2989 970 perso-

338 998 374 1037 '5
405 991 527 1065 nis,
584 989 906 1050 ostendunt
962 986 1325 1050 substantiva
1379 988 1553 1049 verba
1603 994 1660 1047 et
1718 986 2009 1061 vocativa,
2075 1005 2232 1065 quae
2281 990 2395 1050 nisi
2445 991 2814 1053 nominativis
2870 1011 2988 1054 non

400 1093 733 1166 sociantur,
790 1099 855 1152 ut
898 1092 1046 1169 ‘ego
1091 1090 1507 1168 grammaticus
1554 1108 1718 1164 sum,
1771 1097 1836 1150 tu
1890 1100 2086 1151 orator
2124 1109 2222 1168 eS,
2276 1092 2375 1153 ille
2428 1092 2817 1173 philosophus
2864 1105 2989 1172 est;

400 1214 508 1273 ego
546 1194 881 1255 Priscianus
924 1193 1225 1265 nominor,
1291 1200 1354 1253 tu
1394 1190 1735 1272 Apollonius
1792 1192 2049 1266 vocaris,
2107 1192 2206 1254 ille
2248 1192 2523 1274 Virgilius
2568 1202 2987 1278 nuncupatur’.

402 1296 768 1376 Virgilius
810 1276 867 1358 in
911 1295 935 1355 1
976 1295 1366 1357 Aeneidis:

703 1399 904 1460 Tune
949 1397 1079 1459 ille
1121 1398 1440 1471 AeneaS,
1487 1415 1696 1473 quem
1741 1396 2113 1458 Dardanio
2159 1398 2534 1460 Anchisae

328 1510 376 1552 ¹0
704 1502 899 1562 Alma
943 1504 1187 1564 Venus
1233 1499 1529 1579 Phrygii
1574 1500 1838 1577 genuit
1879 1499 2300 1561 Simoentis
2345 1501 2429 1561 ad
2476 1500 2776 1563 undam?

403 1622 542 1683 ergo
599 1602 727 1665 sine
776 1603 952 1665 dubio
1010 1604 1156 1664 haec
1215 1601 1574 1662 constructio
1630 1602 1889 1662 ostendit
1938 1602 2034 1663 hic
2091 1601 2508 1665 nominativum
2564 1622 2715 1665 esse.
2818 1625 2988 1685 prae·
3028 1612 3125 1666 193

407 1715 566 1768 terea
608 1706 724 1767 hoc
765 1706 1152 1786 approbatur,
1190 1724 1323 1765 cum
1375 1702 1704 1763 distinctive
1737 1703 1912 1783 ‘ipse’
1958 1703 2056 1781 qui
2094 1710 2186 1763 est
2213 1705 2604 1777 nominativus
2651 1705 2824 1768 trium
2857 1728 2991 1788 per-

405 1826 683 1869 sonarum
720 1807 1091 1869 nominativis
1136 1794 1479 1868 necessario
1530 1804 1931 1884 coniungitur,
1988 1815 2055 1866 ut
2099 1805 2267 1886 ‘ipse
2317 1825 2426 1886 ego
2481 1808 2669 1869 facio'
2716 1843 2745 1855 -
2831 1811 2992 1872 Vir-

405 1910 643 1988 gilius
681 1911 739 1971 in
782 1909 857 1969 V:
928 1892 933 1901 ¹

330 2018 377 2059 ¹⁵
706 2012 879 2093 Ipse
924 2030 1060 2091 ego
1104 2010 1496 2091 paulisper
1539 2029 1668 2091 pro
1710 2019 1794 2080 te,
1825 2018 1949 2071 tua
1995 2026 2298 2072 munera
2337 2010 2642 2087 inibo-,

404 2116 490 2175 ‘tu
533 2114 659 2193 ipse
704 2114 896 2175 sacis?
937 2148 963 2160 -
1005 2113 1158 2175 idem
1203 2112 1262 2173 in
1307 2113 1546 2173 eodem:

708 2216 880 2295 Ipsa
927 2223 1218 2293 egomet
1259 2216 1531 2301 dudum
1574 2214 1865 2275 Beroen
1905 2212 2261 2293 digressa
2300 2214 2598 2293 reliqui.

406 2316 776 2396 Virgilius
814 2318 875 2377 in
918 2316 1307 2380 bucolico:
1700 2322 1713 2325 ⁴

706 2420 969 2480 Verum
1007 2420 1077 2481 id
1123 2419 1317 2499 quod
1362 2419 1599 2480 multo
1646 2425 1807 2481 tute
1848 2420 2011 2498 ipse
2051 2419 2396 2480 fatebere
2440 2421 2697 2483 maius.

329 2521 678 2582 ²⁰Cicero
723 2521 782 2581 in
828 2522 935 2583 111
978 2523 1510 2583 Verrinarum:
1570 2529 1643 2581 tu
1698 2522 1866 2601 ipse
1914 2540 1996 2582 ex
2033 2521 2290 2583 edicto
2337 2522 2595 2584 Siculo
2643 2524 2781 2585 hoc
2826 2545 2988 2588 sns-

407 2623 665 2684 tulisti
704 2669 759 2697 -,
819 2624 951 2685 ‘ille
989 2625 1134 2705 ipse
1189 2624 1326 2685 facit
1343 2628 1381 2684 ’.
1474 2643 1607 2685 cum
1670 2623 1845 2701 igitur
1879 2624 2117 2685 noinina
2162 2624 2386 2704 primae
2424 2633 2481 2685 et
2511 2627 2806 2688 secundae
2855 2649 2988 2710 per·
3029 2635 3129 2687 194

405 2744 586 2787 sonae
632 2723 1020 2788 nominativos
1065 2747 1185 2788 non
1223 2726 1478 2787 habeant
1517 2744 1626 2785 nec
1671 2734 1901 2788 ceteros
1950 2726 2252 2806 obliquoS,
2299 2727 2620 2808 vocativum
2659 2737 2854 2790 tamen
2891 2731 2990 2792 ha·

404 2826 584 2889 beant
625 2828 936 2908 pleraque,
993 2829 1126 2890 loco
1172 2828 1597 2903 deficientium,
1658 2837 1723 2889 ut
1775 2828 1952 2909 paulo
1998 2838 2133 2890 ante
2177 2826 2610 2912 ostenssdimuS,
2670 2834 2996 2911 funguntur

406 2930 770 3010 pronomina.
862 2930 1064 2992 relatio
1124 2949 1358 3010 quoque
1404 2950 1538 2992 cum
1582 2930 1656 2992 ad
1710 2939 1938 2992 ceteros
1983 2932 2084 2991 fiat
2129 2950 2335 3005 casus,
2392 2932 2465 2992 ad
2505 2935 2827 2995 vocativum
2874 2955 2991 2996 non

329 3047 379 3087 25
406 3035 501 3107 tit,
549 3039 612 3093 ut
658 3035 803 3110 ‘ego
843 3031 1008 3110 lego,
1055 3034 1155 3112 qui
1198 3033 1443 3114 scripsi,
1485 3039 1547 3094 tu
1578 3028 1759 3113 legis,
1807 3033 1910 3110 qui
1953 3033 2274 3112 scripsisti,
2319 3031 2416 3093 ille
2455 3033 2626 3114 legit,
2665 3036 2764 3114 qui
2808 3038 2994 3120 scrip-

407 3136 514 3211 sit;
573 3153 742 3195 meus
798 3141 889 3193 est
940 3153 1177 3214 servus,
1206 3136 1396 3212 ,cuius
1453 3153 1586 3196 aere
1643 3142 1877 3214 emptus
1936 3135 2057 3208 est,
2128 3136 2424 3197 vocativus
2477 3138 2687 3198 audem
2742 3138 2875 3201 ideo
2931 3140 2992 3201 in

404 3236 660 3299 relativis
690 3253 824 3296 csse
854 3256 972 3298 non
1008 3246 1223 3317 potest,
1264 3239 1273 3315 Ι
1312 3237 1447 3315 quia
1479 3237 1923 3298 antecedentem
1957 3238 2348 3316 cognitionem
2379 3238 2708 3316 significare
2736 3259 2855 3302 non
2887 3260 2993 3321 po·

404 3349 536 3404 test.
597 3344 863 3407 similiter
897 3341 1131 3418 quando
1160 3340 1421 3402 diversae
1451 3359 1566 3402 uno
1599 3339 1902 3401 sociantur
1931 3323 2108 3401 verbo
2137 3341 2729 3421 personae,{necesse
2761 3351 2852 3404 est
2883 3362 2990 3404 no·
3031 3351 3128 3404 195

543 3571 576 3624 3
615 3568 941 3633 nominativi]
982 3586 1014 3619 r
1058 3571 1427 3621 nominatiuum
1460 3570 1507 3619 R
1679 3571 1714 3620 4
1747 3567 1997 3618 casalium
2035 3584 2107 3618 ea:
2145 3565 2378 3620 cnsilium
2414 3584 2551 3619 corr.
2591 3571 2638 3621 L
2815 3571 2995 3638 primis

406 3650 454 3691 rt
491 3644 731 3693 secundis
772 3640 928 3690 MNS
1076 3636 1338 3702 secundis]
1372 3656 1404 3687 r·
1440 3638 1652 3688 secundi
1692 3640 1739 3690 12
1896 3639 2098 3699 quando
2135 3654 2248 3702 sup.
2286 3641 2370 3689 lin.
2412 3639 2535 3690 add.
2573 3657 2603 3690 r
2753 3641 2786 3691 5
2831 3644 2996 3690 nomi--

407 3711 614 3777 nativis]
656 3730 686 3763 r
721 3711 1066 3761 nominatiuus
1102 3712 1149 3761 R
1306 3708 1340 3759 6
1375 3709 1625 3758 sotiantur
1657 3709 1708 3757 D
1865 3705 1975 3771 ille]
2017 3711 2055 3758 d
2089 3709 2175 3758 illo
2211 3709 2260 3756 D
2418 3718 2496 3758 est
2528 3725 2641 3773 sup.
2673 3711 2763 3760 lin.
2802 3711 2923 3761 add.
2962 3728 2993 3760 r

544 3784 576 3831 7
616 3790 671 3831 ut
706 3797 804 3847 ego
838 3779 1080 3845 §selanus
1116 3782 1165 3831 L
1321 3781 1570 3828 morninor
1604 3779 1651 3828 R
1804 3778 2129 3843 appollonius
2167 3779 2262 3829 BL
2416 3785 2731 3845 noncupatur
2763 3779 2856 3831 Sl,

405 3853 439 3902 8
477 3854 633 3915 Vera.
673 3852 803 3902 Aen.
841 3851 863 3899 l
896 3849 999 3902 617
1035 3866 1110 3915 sq.
1268 3848 1499 3898 eaueidis
1534 3865 1565 3897 r
1601 3848 1846 3897 eaneidos
1877 3849 1924 3897 R
1959 3848 2200 3898 aeneidos
2238 3847 2292 3896 N
2452 3849 2486 3899 9
2529 3848 2804 3915 Anchisae]
2840 3866 2869 3897 r
2906 3865 2996 3899 an·

406 3922 545 3972 chise
581 3921 621 3971 S
658 3921 894 3971 anchisse
923 3919 965 3968 S
1105 3918 1173 3969 10
1207 3917 1460 3984 phrigiiS
1621 3918 1799 3982 genuit
1835 3915 2028 3983 phrigii
2064 3919 2112 3967 N
2273 3919 2570 3983 sipmoentis
2606 3921 2684 3969 Rr-
2714 3921 2994 3986 synicentis

405 3993 454 4040 D
600 3991 653 4042 ll
702 3989 1021 4041 construeeio
1047 3987 1090 4038 S
1263 3987 1327 4036 12
1362 4002 1474 4036 cum
1512 3984 1826 4051 distinetive]
1867 4002 1897 4034 r
1937 3987 2322 4037 condistinctiue
2351 3990 2397 4039 R
2571 3986 2882 4053 distinctive]
2925 4007 2994 4040 ex

407 4062 733 4111 distinctione
767 4075 903 4110 corr.
938 4060 987 4109 L
1026 4058 1349 4108 distinetiuae
1389 4057 1430 4106 O
1474 4057 1735 4108 distintiue
1766 4055 1810 4104 S
1987 4057 2051 4108 13
2097 4064 2216 4119 post
2249 4058 2408 4107 facio:
2461 4067 2514 4107 tu
2555 4060 2667 4124 ipse
2704 4059 2832 4110 sacis
2870 4061 2992 4109 add.

406 4133 447 4181 S
594 4132 751 4195 Vera.
791 4130 919 4181 Aen.
959 4129 1009 4179 V
1044 4127 1148 4178 846
1304 4126 1556 4192 Virgilius
1594 4128 1646 4175 in
1683 4126 1757 4175 V:
1796 4127 1910 4189 ipsa
1939 4152 2009 4161 —
2035 4125 2232 4189 reliqui,
2282 4128 2413 4176 idem
2457 4129 2506 4176 in
2546 4129 2752 4178 eodem:
2792 4130 2996 4195 ipse-—

410 4202 548 4250 inibo
583 4199 672 4261 (O)
820 4200 882 4250 15
920 4206 1006 4247 tua
1040 4194 1328 4261 munera]r
1364 4204 1415 4244 tu
1453 4211 1662 4245 numera
1685 4197 1731 4246 R
1877 4194 1941 4246 16
1986 4198 2142 4258 Vera.
2184 4197 2315 4248 Aen.
2354 4199 2399 4245 V
2436 4195 2539 4247 650
2695 4200 2756 4249 17
2793 4197 2928 4265 lpse]
2966 4216 2997 4248 r

410 4273 520 4337 ipse
561 4272 604 4321 lt
757 4269 981 4332 berolJen
1016 4268 1065 4317 D
1220 4266 1466 4330 degressa
1500 4269 1547 4316 L
1580 4266 1817 4331 digrassa
1855 4266 1904 4314 N
2055 4266 2289 4330 digressa
2326 4267 2505 4327 reliqui
2542 4282 2612 4316 ex
2647 4283 2784 4321 corr.
2825 4284 2857 4317 r

413 4342 476 4391 18
524 4342 682 4399 Vera.
718 4341 811 4391 ecl.
852 4337 901 4397 3,
945 4338 1012 4391 35
1048 4337 1218 4402 (defle.
1266 4337 1422 4400 Vergy.
1465 4335 1641 4392 Med.)
1790 4334 1853 4385 19
1887 4335 2001 4398 ipse
2035 4335 2154 4384 add.
2203 4338 2361 4400 Ver-9.
2400 4336 2538 4385 Rom.
2580 4353 2640 4387 m.
2677 4341 2770 4389 alt.
2917 4338 2995 4387 sa·

408 4422 581 4461 tenero
611 4407 651 4457 O
792 4407 861 4458 20
894 4407 995 4458 Cic.
1030 4410 1079 4458 1⁸11
1115 4408 1272 4457 Ver-r.
1315 4421 1390 4457 or.
1432 4406 1475 4454 lI
1518 4405 1562 4466 l,
1591 4403 1679 4466 43,
1717 4403 1816 4453 112
1854 4410 1904 4454 tu
1943 4405 2054 4469 ipse
2091 4420 2153 4453 ex
2191 4404 2243 4468 (a
2265 4407 2502 4469 palimps.
2541 4407 2695 4472 Vae.)
2734 4407 2996 4458 Siciliensi

408 4481 575 4530 edicto
613 4476 710 4526 hoc
744 4478 995 4527 sustulisti
1171 4473 1277 4540 ΠΙ]
1322 4477 1511 4538 scripsi
1553 4474 1645 4523 1111
1693 4472 1813 4524 libri
1986 4472 2350 4540 Veri-inarum]
2396 4492 2425 4523 r
2464 4476 2767 4527 uellinarum
2810 4481 2857 4530 R

407 4551 546 4599 edito
585 4548 629 4598 R
769 4545 966 4612 Siculo]
997 4549 1017 4596 l
1051 4544 1221 4597 seculo
1262 4546 1309 4595 L
1460 4546 1522 4596 21
1566 4542 1650 4592 ille
1688 4541 1822 4608 ipse]
1868 4542 1978 4606 ipse
2017 4559 2114 4608 ego
2154 4545 2219 4594 M
2366 4545 2434 4595 22
2473 4549 2840 4599 nominatinum
2881 4548 2994 4598 ML

545 4633 640 4667 nec
669 4623 866 4682 ceteros
898 4634 928 4666 r
963 4631 1027 4665 ne
1057 4623 1250 4666 eeteros
1284 4617 1334 4667 R
1498 4622 1663 4662 tamen
1702 4612 1891 4662 habent
1928 4612 1979 4660 N
2133 4613 2200 4665 23
2240 4611 2373 4678 loco]
2413 4630 2443 4662 r
2479 4615 2632 4680 loquo
2667 4619 2715 4668 11
2879 4626 2995 4668 ante

404 4703 516 4750 sup.
552 4690 639 4739 lin.
677 4687 799 4736 add.
838 4704 870 4735 r
1007 4688 1076 4737 24
1107 4682 1429 4751 pronomina]
1464 4699 1495 4733 r
1530 4683 1886 4749 pronominum
1919 4681 2111 4733 RODL·
2252 4699 2402 4734 casus
2423 4684 2509 4733 fiat
2539 4686 2586 4736 12
2726 4687 2794 4737 25
2831 4689 2995 4754 serip-

407 4757 521 4808 sisti
556 4757 643 4807 ille
680 4755 825 4823 legit]
866 4773 898 4806 r
933 4757 1117 4820 scripsi
1157 4755 1302 4820 ilegit
1336 4755 1382 4805 R
1556 4752 1624 4802 26
1659 4763 1813 4811 serae
1851 4754 1930 4802 Ην·
2105 4753 2172 4802 27
2217 4763 2339 4815 post
2375 4761 2540 4819 potest
2574 4771 2686 4822 sqq.
2721 4784 2793 4794 —-
2827 4765 2996 4823 potest

404 4843 497 4877 om.
538 4830 603 4888 D,
640 4828 690 4876 in
718 4844 812 4893 my.
852 4827 975 4878 add.
1012 4827 1050 4875 d
1186 4823 1328 4890 quia]
1358 4840 1389 4873 r
1423 4824 1508 4885 qui
1546 4823 1594 4872 R
1732 4819 2103 4886 cognitionem]
2129 4838 2160 4870 r
2196 4825 2549 4888 cognationem
2572 4827 2617 4876 R
2758 4826 2827 4877 28
2856 4829 2998 4878 unic!

565 4893 843 4963 sociaulur]
879 4912 910 4945 r
944 4896 1167 4945 sociatur
1197 4895 1245 4944 R
1404 4906 1650 4959 personae
1688 4888 1921 4958 neeesse]
1961 4906 1991 4938 r
2024 4906 2387 4959 personecesse
2418 4896 2466 4946 R
