3576 5595
603 407 724 468 164
1582 384 1955 467 PRlSClANl
2012 402 2200 467 1Ns'r.

701 536 743 576 ρ.
774 522 885 563 1081.
915 521 968 562 aa
996 522 1039 562 r.
2770 521 3001 573 -p.eo.61
3032 517 3088 561 tc

595 594 770 667 mihi,
817 592 979 654 vides
1025 610 1150 663 me,
1195 591 1456 668 dignaris
1492 597 1630 651 me‘.
1725 592 1998 654 similiter
2042 593 2100 652 in
2144 591 2418 652 omuibus
2464 589 2796 652 casualibus
2843 601 2901 652 et
2941 592 3000 651 in
3039 590 3195 651 reci-

595 693 1037 776 procationibus
1077 712 1496 773 personarum,
1556 694 1669 753 boc
1725 702 1814 753 cst
1844 694 2080 771 quando
2124 694 2329 754 eadem
2374 712 2627 774 persona
2674 703 2730 753 et
2774 693 2892 771 agit
2938 702 2996 751 et
3038 693 3192 771 pati-

600 805 722 870 tur,
786 797 1002 856 utimur
1040 795 1261 855 eisdem
1304 794 1875 868 constructionibus,
1936 804 1999 856 ut
2040 796 2363 856 ‘misereor
2400 794 2548 870 mei,
2601 794 2823 855 invides
2862 793 2998 868 tibi,
3058 800 3191 854 orat

600 918 665 959 se
709 898 829 958 ille'
873 906 932 958 et
974 896 1203 958 similia.

464 1009 561 1059 104
769 999 938 1059 Nulla
983 998 1343 1078 praepositio
1395 1018 1501 1079 per
1543 998 2031 1079 compositionem
2088 1006 2286 1077 potest
2340 999 2671 1079 pronomini
2729 998 2985 1076 adiungi.
3076 998 3187 1057 ita-
3217 1012 3245 1049 ⁵

511 1144 518 1153 ·
597 1121 712 1180 que
749 1121 855 1181 per
900 1122 965 1162 so
997 1096 1025 1183 ΙΙ
1055 1101 1171 1160 lam
1209 1101 1635 1181 appositionem
1684 1100 1936 1178 obliquis
1995 1100 2228 1160 casibus
2286 1120 2489 1162 eorum
2555 1100 2966 1180 praeponitur:
3031 1099 3187 1179 apud

600 1205 858 1265 Graecos
899 1203 1134 1281 quidem
1178 1204 1301 1263 fere
1344 1202 1653 1273 omnibus,
1723 1202 1876 1281 apud
1923 1221 2032 1262 nos
2071 1221 2206 1263 vero
2255 1202 2586 1262 accusativo
2629 1203 2739 1263 soli
2784 1201 2872 1261 vel
2917 1200 3186 1273 ablativo,

600 1313 663 1366 ut
720 1305 833 1365 ‘ad
891 1323 1028 1377 noS‚
1086 1304 1146 1363 in
1202 1302 1430 1363 nobis'.
1473 1299 1481 1386 Ι
1521 1303 1858 1365 nominibus
1918 1322 2056 1363 vero
2121 1303 2591 1387 praepositiones
2649 1303 3008 1375 adiciuntur,
3068 1308 3187 1361 tam

598 1426 707 1488 per
748 1406 1178 1486 appositionem
1225 1423 1399 1482 quam
1446 1424 1552 1484 per
1599 1405 2116 1484 compositionem:
2178 1405 2662 1484 compositionem
2709 1404 2977 1483 quidem,
3035 1421 3186 1482 quae

600 1511 666 1568 fit
708 1509 767 1568 in
813 1507 1200 1580 nominatim,
1246 1507 1412 1567 cuius
1457 1515 1689 1566 servant
1728 1506 2214 1587 compositionem
2247 1506 2422 1565 etiam
2466 1506 2718 1585 obliqui,
2760 1515 2823 1566 ut
2867 1505 3183 1577 ‘indoctus‚
3222 1520 3276 1559 ιο

601 1610 853 1682 indocti,
910 1609 1176 1681 indocto,
1233 1607 1568 1680 indoctum,
1622 1608 1931 1681 indocte',
1979 1626 2084 1687 per
2129 1607 2557 1686 appositionem
2595 1628 2732 1669 vero
2788 1627 2962 1687 supra
3013 1607 3187 1667 dictis

468 1722 566 1773 105
603 1711 833 1772 duobus
873 1710 1127 1788 obliquis
1149 1709 1428 1770 ‘casibus
1517 1710 1709 1770 verbis
1755 1730 1890 1771 vero
1935 1718 1993 1768 et
2025 1708 2314 1768 adverbiis
2345 1722 2453 1788 per
2482 1709 2669 1769 solam
2700 1709 3187 1789 compositionem

600 1814 996 1890 adiunguntur
1034 1811 1532 1890 praepositiones,
1591 1812 1915 1891 participiis
1970 1819 2166 1870 autem
2219 1818 2335 1870 tam
2378 1812 2703 1872 secundnm
2748 1811 2905 1872 verbi
2948 1829 3190 1889 compo-

601 1915 872 1975 sitionem
919 1932 1091 1991 quam
1139 1913 1462 1973 secundum
1500 1913 1753 1973 nominis
1798 1912 2260 1994 appositionem,
2306 1919 2371 1972 ut
2415 1913 2772 1991 ‘perlegens'
2808 1933 2839 1973 a
2879 1912 3187 1992 ‘perlego’,

600 2014 910 2075 ‘efficiens'
959 2015 1031 2075 ab
1078 2014 1338 2087 ‘effic-io2,
1382 2015 1478 2074 ‘ad
1526 2015 1851 2091 legentem,
1897 2033 1929 2073 a
1969 2014 2233 2091 legente’
2279 2022 2343 2074 ut
2385 2014 2496 2073 ‘ad
2538 2033 2818 2093 puerum,
2874 2034 2908 2074 a
2954 2021 3184 2094 puero’.
3220 2025 3275 2065 ¹5

774 2117 1090 2178 Sciendum
1135 2124 1362 2189 tamen,
1409 2116 1566 2194 quod
1608 2127 1769 2176 recta
1811 2115 2099 2176 ordinatio
2142 2098 2347 2192 exigit,
2392 2124 2456 2176 ut
2494 2135 2821 2195 pronomen
2852 2116 2941 2176 vel
2972 2122 3186 2176 nomen

603 2228 997 2299 praeponatur
1041 2217 1249 2292 verbo,
1306 2226 1370 2277 ut
1406 2219 1552 2295 ‘ego
1597 2224 1656 2277 et
1694 2223 1756 2275 tu
1793 2216 2077 2293 legimus,
2124 2216 2392 2294 Virgilius
2431 2226 2489 2277 et
2524 2218 2731 2278 Cicero
2776 2218 3188 2297 scripserunt’,

601 2321 818 2401 quippe
868 2339 1001 2380 cum
1054 2319 1381 2380 substantia
1429 2327 1488 2378 et
1532 2337 1782 2397 persona
1838 2299 2023 2397 ipsius
2079 2318 2306 2395 agentis
2363 2318 2451 2378 vel
2507 2319 2817 2397 patientis,
2876 2337 3024 2396 quae
3081 2336 3191 2398 per

601 2441 926 2502 pronomen
973 2421 1059 2481 vel
1102 2439 1317 2481 nomen
1363 2420 1757 2497 significatur,
1822 2419 1982 2499 prior
2034 2439 2167 2480 esse
2213 2419 2388 2480 debet
2435 2420 2777 2481 naturaliter
2831 2437 3005 2497 quam
3058 2419 3188 2499 ipse
3226 2422 3233 2427 ’

471 2544 567 2594 10ss
605 2534 801 2596 actuS,
840 2523 939 2601 qui
981 2521 1254 2582 accidens
1288 2530 1380 2581 est
1422 2519 1802 2581 substantiae.
1892 2521 2029 2581 licet
2064 2530 2258 2581 tamen
2299 2531 2357 2582 et
2398 2531 2775 2602 praepostere
2820 2540 2887 2581 ea
2923 2521 3189 2601 proferre
3218 2532 3276 2571 ²0

601 2633 911 2685 auctorum
958 2623 1338 2701 usurpatione
1384 2624 1616 2683 fretum.

777 2725 968 2786 Prima
1014 2732 1072 2785 et
1110 2724 1364 2784 secunda
1411 2743 1665 2804 persona
1710 2724 1798 2784 vel
1844 2724 1901 2784 in
1950 2743 2014 2784 se
2056 2725 2529 2805 reciprocantur,
2559 2726 2617 2785 id
2648 2733 2737 2785 est
2766 2725 3185 2803 refringuntur,

605 2829 689 2890 vel
754 2828 811 2888 in
858 2827 1003 2888 alias
1048 2828 1309 2887 diversas
1353 2834 1686 2899 transeunt,
1735 2846 1870 2888 cum
1917 2846 2033 2887 non
2078 2827 2362 2889 absolutis
2399 2827 2590 2888 verbis
2635 2828 3046 2905 adiunguntur.
3126 2827 3187 2886 in

603 2949 735 2990 sese
776 2928 1010 3008 quidem
1055 2929 1528 3007 reciprocantur,
1587 2937 1651 2988 ut
1693 2929 2012 2988 ‘misereor
2068 2930 2215 3003 mei,
2271 2931 2567 2991 misereris
2619 2930 2733 3004 tui;
2795 2948 2981 2990 noceo
3023 2928 3189 3000 mibi,

602 3051 782 3092 noces
827 3031 964 3105 tibi;
1007 3030 1179 3091 laudo
1216 3050 1339 3104 me,
1384 3029 1587 3091 laudas
1630 3034 1742 3104 tc’3
1788 3030 1848 3090 in
1894 3029 2038 3092 alias
2089 3051 2224 3093 vero
2270 3032 2530 3092 diversas
2573 3039 2909 3105 transeunt,
2957 3039 3021 3090 ut
3051 3030 3188 3090 ‘mi-
3216 3042 3271 3082 ²5
3346 3106 3350 3110 .

602 3152 805 3193 sereor
841 3132 1026 3205 illius,
1067 3132 1364 3193 misereris
1410 3132 1557 3206 mei;
1608 3151 1794 3191 noceo
1840 3131 1971 3206 tibi,
2018 3153 2199 3194 noces
2239 3132 2353 3208 illi3
2395 3133 2569 3193 laudo
2617 3141 2701 3205 te,
2743 3132 2945 3194 laudas
2978 3132 3184 3192 illum'.

601 3235 767 3296 tertia
815 3253 949 3295 vero
987 3253 1239 3313 persona
1284 3252 1403 3295 nou
1457 3232 1646 3294 solum
1707 3233 1908 3294 eadem
1964 3235 2213 3313 patitur,
2268 3235 2370 3296 sed
2416 3235 2590 3296 etiam
2638 3234 2696 3294 in
2738 3233 2909 3295 aliam
2955 3233 3183 3294 tertiam

1523 3399 1566 3439 in

741 3439 768 3489 l
810 3439 1038 3504 dignaris
1066 3454 1094 3488 a
1126 3454 1221 3490 me.
1258 3437 1496 3488 similiter
1607 3438 1844 3487 omnibus
1875 3439 2112 3488 omnibus
2139 3439 2206 3488 LI
2344 3439 2773 3504 reciprocatiobus
2802 3438 2849 3486 D
2988 3440 3020 3488 2
3053 3433 3181 3502 agit]

1877 3510 2082 3522 ················

601 3557 631 3591 r
666 3543 736 3589 ait
769 3541 813 3590 R
954 3539 986 3590 3
1025 3541 1246 3591 eitsdem
1280 3539 1367 3606 (u)
1394 3540 1441 3588 D
1581 3541 1613 3589 5
1651 3542 1988 3609 praepositio]
2022 3546 2059 3593 d
2087 3544 2351 3609 praepotio
2389 3545 2439 3592 D
2590 3549 2755 3605 potest
2790 3556 2958 3604 spscr.
3001 3540 3048 3588 L

601 3611 990 3677 pronominibus
1025 3611 1097 3660 Su
1274 3613 1303 3660 7
1352 3610 1451 3660 soli
1481 3625 1550 3660 ea:
1587 3615 1694 3659 solo
1725 3627 1861 3661 corr.
1905 3613 1965 3661 M
2004 3615 2114 3664 solo
2150 3612 2385 3662 RONSL
2560 3608 2817 3676 ablativo]
2857 3628 2886 3659 r·
2930 3611 3102 3660 datiuo
3134 3609 3182 3658 R

601 3685 633 3730 8
663 3689 788 3744 post
820 3682 869 3728 in
911 3680 1055 3730 nobis
1088 3680 1241 3730 haec.-
1292 3681 1424 3730 unde
1464 3683 1573 3730 ‘me
1612 3697 1745 3745 cum,
1783 3690 1833 3731 te
1870 3697 2004 3743 cum,
2053 3699 2109 3732 se
2146 3698 2278 3742 cum,
2330 3682 2478 3731 nobis
2520 3697 2654 3743 cnm,
2704 3683 2850 3731 vobis
2889 3681 3032 3730 cum’
3085 3693 3182 3730 non

600 3759 716 3799 sunt
748 3751 1047 3815 accipienda
1082 3751 1383 3815 composita,
1429 3752 1683 3813 quomodo
1725 3767 1817 3801 nec
1865 3749 1981 3814 ‘qun
2015 3768 2148 3814 eum,
2193 3769 2293 3815 qun
2331 3767 2462 3812 eum,
2503 3766 2603 3813 qna
2638 3766 2771 3812 cnm,
2812 3752 2995 3813 quibus
3035 3748 3184 3798 cnm'

601 3830 650 3869 et
685 3820 892 3870 similia.
957 3821 1018 3868 de
1057 3828 1265 3869 accentu
1302 3831 1470 3871 autem
1505 3836 1675 3872 eorum
1718 3824 1767 3871 in
1808 3821 1968 3876 libro,
2019 3825 2103 3884 qni
2143 3831 2217 3871 est
2249 3823 2312 3870 de
2349 3823 2679 3886 pronomine,
2731 3820 3043 3870 sufficienter
3078 3819 3183 3867 dic·

596 3899 702 3938 tum
742 3898 817 3938 est
852 3890 971 3939 add.
1013 3890 1227 3939 DONSr
1264 3890 1340 3954 (te
1372 3906 1484 3940 cum
1519 3906 1607 3940 om.
1643 3890 1684 3939 S
1822 3893 2089 3942 uobiscum
2129 3908 2244 3942 cum
2281 3905 2379 3940 nou
2416 3890 2482 3954 S)
2626 3891 2953 3952 addicinntur
2984 3890 3063 3939 Rr

595 3961 630 4011 9
667 3975 760 4025 per
796 3960 1238 4024 compositionem.
1273 3975 1366 4024 per
1401 3962 1821 4026 compositionem
1865 3962 1944 4010 Νι·
2082 3976 2212 4024 qnae
2250 3959 2324 4025 tit]
2363 3976 2393 4008 r
2428 3975 2524 4022 que
2563 3960 2660 4009 snit
2698 3961 2744 4009 R
2780 3976 2909 4022 quae
2944 3961 3039 4008 suit
3075 3958 3185 4006 ML

738 4028 805 4077 10
843 4030 892 4077 in
934 4029 1241 4079 nominatiuo
1275 4030 1327 4077 fit
1355 4030 1407 4078 N
1583 4032 1734 4079 etiam
1772 4032 1895 4083 add.
1934 4047 1964 4079 r
2138 4031 2193 4080 11
2237 4030 2369 4080 docti
2402 4028 2442 4078 0
2612 4027 2834 4093 indocte]
2874 4046 2904 4078 r
2950 4029 3183 4078 indoctae

599 4098 688 4148 Ro
832 4098 894 4149 12
932 4099 1137 4148 casibus
1174 4100 1345 4148 uerbis
1381 4100 1554 4149 uerbis
1589 4101 1666 4150 ter
1822 4098 2265 4166 compositionem]
2303 4116 2334 4149 r·
2366 4100 2768 4164 conpositionem
2807 4100 2853 4149 [ἐ
2997 4098 3060 4148 13
3096 4097 3184 4146 ad·

1206 4168 1348 4177 ...........

598 4203 874 4266 iunguntur
911 4218 981 4252 ex
1018 4201 1313 4266 adiungitur
1345 4218 1482 4254 corr.
1515 4202 1557 4252 S
1695 4213 1800 4253 tam
1836 4219 1925 4253 om.
1956 4204 2054 4254 RL
2079 4206 2203 4257 add.
2227 4221 2257 4253 r·
2418 4202 2479 4252 14
2519 4202 2778 4267 perligens
2822 4203 2865 4250 L
3007 4217 3035 4250 a
3067 4216 3184 4265 per—

596 4270 732 4336 lego]
769 4289 799 4320 r
841 4272 1052 4338 perlego
1091 4272 1137 4320 R
1181 4287 1212 4320 a
1247 4271 1446 4337 perligo
1487 4274 1536 4321 L
1717 4275 1779 4324 15
1825 4284 1877 4322 nt
1911 4274 2032 4322 add.
2073 4289 2104 4320 r
2282 4271 2345 4322 16
2394 4287 2525 4330 Qvon
2573 4288 2745 4323 nones
2798 4287 2857 4320 ετ
2913 4284 3183 4321 mononem

599 4356 764 4391 ancre
799 4356 968 4391 vaano
1016 4356 1411 4391 vaaneouanrvu
1459 4345 1614 4395 inser.
1656 4341 1704 4389 N
1876 4342 2167 4406 Sciendum]
2210 4344 2278 4392 rd
2310 4343 2586 4392 secundum
2624 4342 2667 4391 R
2716 4342 2989 4391 Sciendum
3025 4349 3102 4389 est
3137 4339 3187 4386 D

747 4411 808 4460 17
847 4409 1209 4477 praeponatur]
1248 4428 1278 4459 r
1312 4423 1622 4475 proponatur
1658 4412 1704 4460 R
1862 4414 1925 4462 18
1961 4422 2009 4462 et
2045 4410 2286 4478 persona]
2319 4428 2349 4460 r
2380 4414 2445 4461 ad
2482 4426 2699 4476 persona
2738 4412 2784 4460 R
2923 4407 3110 4476 ipsius]
3153 4408 3191 4457 d

595 4478 731 4528 illius
762 4479 809 4527 D
950 4479 1174 4546 agentis]
1212 4497 1242 4529 r
1278 4483 1446 4546 gentis
1476 4482 1523 4530 R
1678 4481 1748 4531 20
1785 4483 2034 4532 accedens
2072 4484 2121 4532 L
2273 4483 2334 4531 21
2381 4482 2506 4531 freto
2546 4484 2596 4531 N
2746 4481 2813 4529 22
2856 4496 2988 4538 Qvon
3029 4493 3185 4529 rama

596 4563 657 4596 ετ
705 4563 931 4598 saevum
977 4566 1203 4602 reasons
1249 4567 1298 4600 m
1350 4565 1409 4599 sn
1457 4565 1874 4602 ancirnocaurvn
1926 4569 2021 4601 avr
2070 4568 2119 4602 m
2167 4567 2310 4602 Amas
2358 4566 2649 4602 rusnssvnr
2695 4553 2852 4602 inser.
2901 4549 2951 4598 N
3125 4549 3188 4596 Et

596 4617 763 4682 prima
797 4619 907 4678 (M)
1048 4621 1101 4669 id
1136 4630 1212 4669 est
1243 4619 1610 4685 refringuntur]
1655 4636 1745 4670 om.
1788 4622 1937 4685 Lips.
1975 4621 2024 4668 Α
2054 4620 2282 4684 Krehlii,
2327 4623 2442 4670 edd.
2479 4629 2594 4671 ante
2624 4635 2682 4671 π.
2723 4621 2967 4669 ‘Additur
3001 4619 3185 4683 vulgo:

595 4689 674 4735 vel
705 4689 755 4734 in
791 4703 848 4737 se
882 4689 1245 4752 refringantur.
1286 4691 1462 4755 Inepte
1479 4694 1514 4740 ’.
1557 4691 1818 4741 Krelelius.
1857 4708 1966 4740 mma
2007 4689 2096 4755 [id
2130 4699 2207 4738 est
2239 4688 2617 4757 refringuntnr]
2651 4692 2677 4738 ἲ
2816 4689 2883 4741 23
2923 4686 3073 4751 alias]
3116 4704 3187 4737 ex

598 4772 732 4805 corr.
774 4757 813 4805 d
841 4757 956 4806 aliis
993 4766 1045 4808 ut
1079 4761 1180 4813 vid.
1221 4764 1268 4810 D
1306 4762 1433 4809 aias
1471 4775 1716 4825 personas
1752 4762 1804 4810 N
1977 4756 2124 4823 cum]
2166 4776 2196 4807 r
2231 4761 2311 4809 uel
2351 4762 2397 4811 R
2572 4762 2639 4811 24
2677 4756 2826 4823 sese]
2868 4777 2898 4809 r
2933 4773 2989 4808 se
3022 4756 3191 4808 RMN

735 4840 991 4876 mosei-eor
1029 4828 1089 4876 M
1242 4831 1306 4880 ‘25
1343 4838 1391 4878 et
1431 4829 1582 4881 lando
1619 4833 1698 4880 Nr
1851 4839 1900 4880 et
1930 4829 2109 4879 landas
2147 4827 2332 4880 ODSL
2487 4827 2643 4896 alias]
2679 4832 2717 4881 d
2751 4829 2869 4879 aliis
2904 4829 2951 4877 D
3119 4827 3188 4878 26

597 4893 795 4962 laudas]
839 4897 989 4946 laudo
1024 4896 1166 4949 ROB
1342 4900 1407 4949 27
1453 4902 1670 4965 panitur
1702 4897 1775 4966 (r)
1810 4902 1860 4953 D
2024 4908 2140 4964 post
2187 4900 2405 4967 patitur:
2460 4916 2609 4965 qnam
2646 4899 2972 4967 supradictae
3011 4913 3184 4965 perso·
