3576 5595
593 378 716 442 394
1686 382 2106 445 PRAEFA'rte

592 566 815 628 metris
863 565 1152 630 Terentii
1199 568 1356 630 satis
1402 566 1606 630 multa
1646 571 1950 648 mutavit,
1993 589 2160 653 quae
2200 590 2285 631 ex
2330 567 2554 632 codice
2578 565 2893 651 Scaligeri
2926 576 2990 630 et
3017 565 3190 630 Ben-

591 667 794 749 garsii
852 668 1198 731 emendata
1249 691 1393 733 esse
1445 669 1625 733 dicit.
1718 691 1866 732 nam
1924 669 2317 733 Franciscus
2363 667 2705 748 Pithoeus,
2773 668 2885 754 qui
2947 667 3188 731 librum

590 770 1290 854 praeexercitaminum
1336 793 1481 835 cum
1527 771 1676 834 aliis
1722 771 1804 834 de
1852 779 1989 834 arte
2031 769 2368 833 rhetorica·
2402 768 2587 833 libris
2634 767 2873 832 Latine
2925 770 3191 857 seriptis

590 870 800 933 edidit
840 892 902 934 a.
958 876 1147 953 1599,
1205 894 1415 959 pauca
1453 875 1763 954 mutavit,
1822 894 1986 958 quac
2031 894 2162 935 nen
2205 874 2453 957 recepit
2497 870 2869 935 PutschiuS.
2957 881 3190 957 postca

591 972 1081 1037 Friderieus
1134 974 1740 1038 Lindemannus
1802 975 2082 1038 minores
2143 973 2465 1036 Prisciani
2521 972 2760 1053 libros,
2829 973 2897 1035 in
2952 972 3190 1057 quibus

592 1096 765 1136 nunc
810 1096 1176 1156 versamur,
1224 1098 1446 1140 omnes
1490 1087 1765 1162 excepto
1810 1075 1957 1159 ille,
2004 1076 2115 1162 qui
2159 1085 2259 1139 est
2305 1074 2384 1138 de
2426 1075 2684 1138 nominc
2715 1082 2779 1138 et
2808 1075 3192 1160 pronomine

590 1184 657 1237 et
698 1175 921 1258 verbo,
970 1199 1058 1239 ex
1097 1176 1433 1240 codicibus
1479 1176 1915 1241 Leidensibus
1961 1176 2336 1242 emendatos
2384 1175 2594 1239 edidit
2637 1175 2946 1260 Lugduni
2993 1177 3190 1238 Bata·

588 1299 816 1340 vorum
863 1299 923 1341 a.
977 1281 1160 1342 1818.
1249 1279 1308 1341 is
1353 1288 1569 1342 autem
1618 1290 1872 1366 praeter
1918 1280 2082 1343 dues
2125 1278 2382 1342 cedices
2437 1300 2478 1339 a
2537 1301 2640 1340 me
2702 1299 2959 1364 quoquc
3006 1298 3190 1340 usur-

587 1388 806 1464 patos,
864 1379 1254 1442 Vossianum
1310 1382 1406 1444 12.
1433 1385 1491 1463 8,
1539 1404 1727 1467 quem
1776 1381 1838 1444 D
1887 1381 2068 1458 dicit,
2130 1389 2195 1442 ct
2237 1379 2626 1443 Vossianum
2671 1384 2773 1442 33.
2799 1384 2860 1460 4,
2909 1380 2976 1441 in
3022 1378 3189 1442 libro

591 1480 674 1543 de
711 1479 937 1565 figuris
980 1504 1390 1546 numerorum
1442 1492 1507 1546 et
1552 1485 1615 1546 in
1664 1482 2406 1569 praeexercitaminibus
2451 1504 2609 1544 usus
2657 1492 2757 1545 est
2794 1482 2986 1545 tertio
3034 1482 3188 1543 item

591 1580 917 1647 Vossiane
970 1587 1062 1644 15.
1107 1587 1144 1646 8
1194 1584 1454 1648 saecule
1511 1585 1851 1648 undecimo
1909 1583 2184 1669 scripte,
2250 1584 2362 1670 qui
2415 1583 2540 1669 ipsi
2591 1583 2648 1645 V
2701 1592 2837 1665 est3
2904 1583 3009 1645 cui
3066 1603 3189 1666 ego

590 1683 833 1747 nullani
887 1684 1080 1747 fidem
1137 1685 1501 1750 habendam
1558 1688 1805 1772 putavi.
1907 1695 2006 1749 est
2052 1687 2222 1748 enim
2267 1684 2698 1769 neglegenter
2747 1687 3063 1771 scriptus,
3122 1693 3187 1747 et

589 1785 794 1849 multa
840 1795 1083 1849 temere
1131 1797 1381 1851 mutata
1427 1797 1599 1851 sunt.
1680 1796 1965 1852 cetorum
2005 1786 2528 1867 LindemannuS,
2565 1808 2954 1872 quamquam
2986 1783 3193 1848 multa

589 1896 853 1973 prepter
899 1888 1250 1953 benitatem
1300 1888 1646 1971 librorum,
1710 1890 1948 1975 quibus
1991 1911 2148 1951 usus
2197 1898 2327 1968 cst,
2401 1898 2576 1950 reete
2623 1887 3026 1968 emendavit,
3091 1895 3187 1949 ta-

586 2011 770 2070 men,
830 1991 983 2075 quia
1028 2014 1236 2075 neque
1283 1991 1596 2055 librorum
1644 2002 1941 2054 naturam
1989 1993 2248 2075 penitus
2301 1999 2729 2075 perspexerat
2785 2000 2849 2053 ct
2893 2003 3188 2051 veterum

586 2089 943 2152 editionum
1000 2096 1387 2157 auctoritate
1444 2094 1822 2175 tenebatur,
1893 2116 2087 2179 saepe
2138 2115 2177 2154 a
2238 2114 2391 2155 vere
2449 2090 2803 2154 aberravit.
2907 2090 3190 2174 denique

588 2190 971 2256 Kreblius
1018 2197 1280 2258 omnino
1314 2195 1746 2259 Lindclnanni
1796 2195 2164 2280 exemplum
2215 2201 2477 2257 secutus
2512 2203 2627 2256 est.
2702 2213 2911 2277 neque
2944 2191 3185 2255 Gais-

585 2291 944 2373 sardius,
996 2297 1105 2380 qui
1150 2294 1386 2359 librum
1432 2297 1512 2359 de
1555 2298 1781 2361 metris
1827 2297 2116 2359 Terentii
2165 2297 2334 2359 inter
2380 2296 2730 2379 scriptores
2773 2293 3048 2357 Latinos
3093 2296 3188 2356 rei

586 2395 895 2457 metricae
940 2397 1179 2475 edidit,
1243 2400 1589 2485 quicquam
1633 2399 1988 2485 praestitit,
2065 2398 2180 2462 scd
2225 2419 2477 2462 emnem
2532 2395 2769 2460 librum
2826 2397 2955 2476 sie,
3019 2405 3093 2458 ut
3152 2418 3192 2458 a

586 2494 1038 2558 Lindemanne
1083 2498 1296 2561 editus
1344 2509 1513 2578 erat,
1560 2502 1887 2587 repetivit.

758 2596 862 2659 De
906 2597 1178 2662 consilio
1192 2650 1210 2681 ,
1254 2600 1428 2686 qued
1473 2604 1539 2664 in
1589 2602 1688 2665 his
1728 2601 1914 2664 libris
1954 2599 2318 2663 scribendis
2354 2601 2728 2663 Priscianus
2766 2609 3028 2663 secutus
3063 2608 3186 2679 cst,

586 2719 796 2782 pauca
842 2697 1077 2762 dicam.
1167 2724 1313 2764 nam
1361 2703 1535 2789 quod
1578 2705 1646 2766 in
1703 2702 2221 2767 institutionibus
2277 2703 2401 2766 sibi
2466 2710 2923 2788 proposuerat,
2977 2711 3051 2763 ut
3112 2723 3191 2764 ea

587 2819 754 2884 quae
794 2823 834 2862 a
870 2802 1144 2867 Graecis
1182 2808 1627 2888 grammaticis
1674 2807 1944 2869 inventa
1991 2814 2177 2870 erant
2229 2805 2313 2868 ad
2360 2827 2548 2868 usum
2595 2805 2877 2868 Latinae
2923 2804 3186 2888 linguae

587 2912 997 2967 converteret
1036 2916 1100 2968 et
1146 2929 1311 2991 quae
1357 2918 1531 2972 essct
1573 2911 1916 2994 utriusque
1964 2904 2283 2970 sermonis
2332 2908 2636 2987 cognatio
2667 2917 2729 2969 et
2770 2905 3186 2969 necessitudo

590 3002 884 3085 doceret,
944 3006 1115 3069 idem
1160 3012 1371 3073 tenuit
1414 3011 1479 3072 in
1527 3010 1649 3074 his.
1741 3034 1891 3074 nam
1938 3010 2005 3072 in
2052 2996 2217 3071 libro
2266 3009 2344 3071 de
2398 3009 2625 3092 figuris
2671 3029 3086 3071 numerorum
3125 3017 3192 3069 et

591 3104 767 3189 ipsas
814 3116 1031 3191 notas,
1079 3110 1313 3195 quibus
1362 3115 1614 3176 numeri
1654 3112 2214 3197 significarentur,
2257 3134 2296 3173 a
2328 3110 2604 3173 Graecis
2636 3109 2990 3173 translatas
3022 3132 3186 3191 esse,

587 3228 900 3291 perverse
945 3232 1101 3275 sane
1147 3213 1390 3276 iudicio
1435 3236 1623 3297 usus,
1682 3216 2127 3279 demonstrare
2174 3221 2445 3276 cenatus
2503 3221 2601 3275 est
2655 3222 2749 3292 et,
2812 3234 2979 3298 quae
3022 3212 3188 3275 ratio

588 3308 754 3371 inter
810 3333 1108 3377 nummos
1167 3323 1231 3377 et
1295 3316 1586 3399 pondera
1642 3317 2080 3379 Romanorum
2141 3338 2216 3377 ac
2275 3314 2672 3378 Graecorum
2735 3313 3188 3393 intercederet,

589 3414 915 3495 exposuit.
1005 3415 1242 3500 quibus
1290 3419 1355 3480 in
1396 3419 1590 3481 rebus
1635 3440 1802 3503 quae
1849 3418 1930 3480 de
1977 3417 2378 3479 Graecorum
2438 3415 2911 3479 consuetudine
2970 3416 3187 3500 dispu—

585 3514 780 3594 tavit,
829 3538 1050 3579 eorum
1097 3520 1444 3581 maximam
1494 3528 1742 3604 partem
1783 3542 1866 3581 ex
1901 3518 2193 3581 Dardani
2244 3517 2410 3581 libro
2453 3513 2604 3598 περὶ
2646 3516 2970 3598 σταθμῶν
3014 3538 3188 3578 rece·

588 3614 713 3699 pit,
761 3639 952 3702 quem
999 3619 1097 3681 bis
1146 3620 1284 3705 ipse
1327 3622 1691 3684 nominavit
1734 3644 1799 3706 p.
1848 3625 2005 3684 1347
2053 3630 2117 3682 ct
2167 3623 2354 3699 1349,
2398 3618 2596 3682 semel
2647 3617 2925 3681 Ioannes
2956 3614 3183 3698 Lydus

590 3715 671 3778 de
715 3740 919 3785 mens.
967 3743 1031 3805 p.
1079 3725 1193 3801 56,
1235 3725 1314 3783 22
1360 3722 1463 3786 ed.
1513 3723 1752 3803 Bonn.,
1813 3712 1848 3785 ὁ
1894 3717 1966 3784 δὲ
2010 3716 2398 3802 Λαρὸάνιος
2454 3721 2643 3805 (nam
2702 3719 2794 3779 sic
2847 3715 2937 3777 ibi
2984 3714 3186 3797 serip-

586 3827 723 3881 tum
773 3822 913 3906 est)
961 3819 1035 3883 ἐν
1079 3821 1170 3908 τῷ
1208 3819 1357 3903 περὶ
1404 3823 1726 3905 σταθμῶν
1781 3825 2014 3904 χιλίων
2057 3815 2326 3906 ’ὀβόλων
2383 3811 2814 3903 λε’γειπάλαι
2869 3814 3187 3897 γενέσθαι

587 3911 664 3983 τὸ
703 3923 1114 4003 μιλιαρίσιον
1170 3921 1280 3987 καὶ
1333 3916 1465 3987 ἀπὸ
1523 3924 1637 4007 τῆς
1678 3920 1976 4005 χιλιάδὸς
2028 3925 2162 3989 τῶν
2212 3917 2477 4006 ὀβόλων
2533 3913 2746 3994 οὕτως
2804 3910 3192 4000 ὀνομασθῆ-

587 4044 735 4099 ναι;
781 4034 1152 4109 praeterea,
1217 4026 1391 4112 quod
1433 4028 1673 4108 sciam,
1719 4049 1933 4090 neme.
2026 4027 2139 4090 sed
2201 4048 2285 4089 ex
2340 4026 2420 4087 iis
2475 4045 2641 4110 quae
2687 4021 2914 4109 Lydus
2974 4020 3191 4083 adfert

588 4123 906 4210 adparere
951 4134 1106 4212 pute
1152 4128 1478 4191 inferioris
1524 4129 1759 4191 aetatis
1803 4130 2181 4213 scriptorem
2227 4136 2291 4190 et
2337 4126 2452 4190 vix
2501 4132 2730 4211 quarto
2774 4121 3034 4186 saecule
3077 4144 3188 4184 an—

586 4227 933 4311 tiquiorem
979 4250 1142 4292 esse.
1229 4229 1606 4293 Latinorum
1662 4239 1878 4294 autem
1934 4231 2315 4315 scriptorum
2376 4225 2677 4311 exempla
2720 4226 2861 4311 ipse
2911 4223 3189 4287 Priscia-

587 4348 710 4389 nus
753 4331 1174 4412 conposuisse
1220 4331 1502 4396 videtur.
1592 4332 1828 4395 deinde
1877 4333 1943 4393 in
1985 4330 2154 4395 libre
2198 4330 2279 4392 de
2327 4329 2547 4392 metris
2593 4326 2887 4391 Terentii
2931 4325 2997 4389 id
3032 4325 3188 4408 egit,

591 4436 662 4491 ut
700 4428 962 4493 fabulas
1007 4441 1302 4495 veterum
1363 4444 1427 4496 et
1470 4435 1754 4496 maxime
1799 4432 2121 4513 Terentii,
2195 4432 2261 4493 in
2316 4453 2443 4516 quo
2491 4431 2633 4493 eius
2687 4429 2923 4492 aetatis
2972 4426 3191 4490 studia

589 4530 1050 4614 versabantur,
1118 4532 1419 4598 versibus
1467 4536 1742 4622 scriptas
1792 4557 1934 4599 esse
1975 4534 2482 4613 demonstraret,
2549 4555 2677 4596 non
2722 4530 3009 4617 pedestri
3061 4549 3187 4591 ser-

589 4654 811 4714 mone,
855 4657 983 4717 qua
1028 4636 1108 4700 de
1153 4659 1223 4700 re
1269 4638 1399 4700 iam
1444 4646 1596 4700 ante
1629 4637 2039 4701 Priscianum
2084 4634 2370 4698 dubitari
2412 4643 2708 4719 coeptum
2741 4654 2885 4697 esse
2916 4638 3191 4694 constat.

591 4729 755 4796 illud
796 4743 1012 4798 autem
1055 4738 1149 4800 sie
1195 4740 1508 4819 instituit,
1551 4748 1625 4802 ut
1669 4738 2037 4803 libertatem
2082 4735 2413 4822 quandam
2454 4758 2495 4798 a
2539 4736 2813 4799 Graecis
2859 4739 3193 4816 acceptam

596 4834 665 4896 in
710 4833 985 4897 effusum
1031 4835 1332 4902 licentiae
1379 4842 1664 4926 spatium
1710 4840 2045 4905 dilatatam
2094 4860 2269 4921 esse,
2309 4847 2384 4901 ut
2427 4838 2553 4921 ait,
2601 4859 2639 4901 a
2682 4837 2941 4899 Latinis
2985 4833 3195 4919 poetis
