3576 5595
617 423 698 488 36
1612 418 1978 499 pausetis!
2018 418 2205 515 txsftr.

724 555 762 595 p.
793 543 881 581 985.
913 541 963 580 36
993 537 1035 581 Ι).
1798 581 1809 591 ,
2785 550 2825 589 p.
2853 537 2942 577 593.
2971 539 3030 578 Μ
3073 534 3136 575 Κ.

618 624 678 673 et
723 615 851 674 loco
898 609 1152 671 adverbii
1199 609 1431 669 ‘extra’
1478 609 1769 686 fungitur,
1818 618 1882 669 ut
1924 609 2126 687 ‘’exul:
2173 616 2332 668 extra
2380 605 2604 667 solum’
2653 616 2711 669 et
2756 608 3088 669 ‘excludoz
3145 626 3265 667 ex-

621 727 706 777 tra
763 715 936 774 cludo
953 718 990 782 ⁹,
1045 711 1310 790 quamvis
1360 713 1591 772 ‘extra'
1637 729 1872 788 quoque
1916 719 1972 769 et
2011 711 2204 771 omnia
2254 709 2485 777 localia,
2536 717 2599 768 ut
2636 729 2814 788 saepe
2862 710 3263 771 memoravi-

621 836 783 890 mus,
848 814 1151 885 adverbia,
1205 831 1353 890 quae
1405 811 1642 874 casibus
1697 812 1892 873 solent
1944 812 2213 890 adiungi,
2282 810 2465 871 nostri
2526 811 2678 872 inter
2737 808 3260 892 praepositiones

620 927 868 999 ponunt

790 1018 1156 1098 Temporalia
1205 1019 1282 1093 [et
1328 1014 1552 1090 localia}
1590 1033 1825 1092 qnoque
1869 1015 2277 1075 adverbiorum
2312 1016 2595 1092 quaedam
2640 1015 2699 1074 in
2741 1014 3256 1094 praepositiones
3317 1029 3343 1065 ⁵

621 1124 1059 1183 transferuntur
1092 1121 1171 1195 [et
1216 1118 1504 1193 nominal,
1564 1124 1628 1175 ut
1666 1116 1894 1195 ‘pridie
1944 1116 2268 1176 Kalendas’
2330 1117 2407 1191 [et
2442 1116 2792 1176 ‘adversus'
2839 1116 2928 1174 vel
2973 1116 3256 1175 ‘adver-

623 1243 751 1283 sum
811 1223 1091 1297 hostes’j.
1180 1219 1513 1279 subtractae
1567 1234 1803 1295 quoqne
1851 1217 2187 1278 nominibus
2234 1217 2584 1295 quibusdam
2631 1216 2759 1277 loco
2801 1216 3250 1277 adverbiorum

623 1345 691 1384 ea
736 1324 955 1385 faciunt
1002 1320 1221 1401 accipi,
1260 1329 1324 1380 ut
1360 1320 1573 1380 ‘domo
1617 1318 1822 1379 venio’
1864 1339 1973 1399 pro
2011 1323 2082 1378 ‘a
2134 1320 2350 1381 domo'
2399 1329 2457 1379 et
2498 1314 2692 1379 “domi
2740 1323 2912 1378 sum'
2966 1337 3080 1399 pro
3132 1318 3248 1378 ‘in

544 1494 548 1498 ,
626 1427 836 1487 domo'
889 1434 947 1485 et
996 1424 1277 1484 ‘domum
1332 1426 1437 1481 eu'
1496 1440 1605 1501 pro
1655 1424 1674 1454 ³
1692 1421 1763 1481 ad
1821 1421 2120 1481 domum’.
2207 1429 2267 1480 et
2321 1421 2566 1481 invicem
2623 1440 2732 1500 pro
2790 1440 2855 1480 se
2912 1429 3250 1499 ponuntur

628 1526 1127 1607 praepositioneS,
1174 1532 1238 1584 ut
1281 1525 1377 1583 ‘in
1429 1521 1631 1582 urbem
1678 1521 1883 1582 venio’
1931 1541 2038 1601 pro
2075 1522 2184 1581 ‘ad
2228 1522 2468 1582 urbem'
2515 1531 2573 1582 et
2607 1524 2751 1601 ‘per
2794 1522 2998 1582 urbem
3042 1525 3243 1582 sum’
3283 1536 3333 1573 ιθ

523 1644 589 1694 22
628 1649 733 1709 pro
791 1628 886 1688 ‘in
943 1625 1145 1687 urbe’.
1248 1624 1396 1685 adeo
1454 1631 1649 1683 autem
1721 1624 2066 1702 plerumque
2125 1624 2370 1684 localem
2440 1622 2654 1683 babent
2726 1623 3241 1700 significationem

624 1727 1128 1810 praepositiones,
1188 1725 1345 1804 quod
1404 1724 1672 1785 adverbia
1720 1742 1954 1802 quoqne
2001 1744 2069 1784 ex
2117 1725 2209 1785 bis
2263 1726 2547 1802 quaedam
2597 1723 2800 1785 localia
2854 1733 3239 1785 nascuntur:

624 1834 749 1903 ‘ex,
796 1837 991 1900 extra,
1024 1827 1425 1899 extrinsecus;
1471 1824 1620 1899 sub,
1668 1826 1901 1899 subter;
1946 1826 2033 1899 in,
2081 1826 2260 1897 infra,
2316 1822 2327 1907 Ι
2376 1826 2560 1899 intra,
2600 1824 2803 1885 intus'.
2892 1826 2996 1885 sed
3038 1826 3235 1886 etiam

625 1933 804 2004 baec,
832 1939 916 1990 ,ut
968 1947 1142 2008 supra
1197 1928 1416 1988 dictum
1472 1938 1591 1994 est,
1650 1925 1782 2004 quia
1833 1924 1961 1984 loeo
2013 1927 2511 2007 praepositionum
2573 1946 2750 2005 saepe
2807 1927 2998 1987 solent
3053 1926 3236 2005 poni,

627 2052 761 2094 cum
816 2030 1053 2091 casibus
1096 2029 1523 2106 adiunguntur,
1576 2027 1851 2086 artium
1909 2029 2339 2108 scriptores
2385 2029 2538 2089 inter
2592 2029 3060 2108 praepositiones
3105 2044 3320 2088 nu-15·

626 2143 872 2195 merant.

799 2236 943 2296 Cum
990 2233 1195 2310 igitur,
1237 2240 1300 2292 ut
1339 2250 1517 2310 supra
1562 2231 2044 2303 memoravimuS,
2090 2250 2198 2309 per
2225 2232 2655 2311 appositionem
2701 2232 2933 2293 duobus
2978 2230 3232 2292 casibus

627 2338 1020 2414 adiungantur
1056 2333 1551 2414 praepositiones,
1599 2332 1931 2392 accusativo
1977 2341 2034 2391 et
2078 2331 2362 2403 ablativo,
2405 2332 2478 2392 de
2519 2333 2877 2411 singularum
2922 2333 3233 2409 signitica-

628 2440 786 2499 tione
822 2437 1214 2508 disseramus,
1262 2443 1319 2494 et
1366 2434 1553 2513 primo
1592 2434 1664 2493 de
1712 2434 1838 2506 bis,
1880 2452 2027 2511 quas
2070 2434 2437 2495 accusativus
2485 2435 2765 2512 sequitur.

526 2555 594 2605 23
804 2536 1199 2615 Vnisyllabae,
1237 2544 1299 2597 ut
1346 2535 1640 2614 plerisque
1682 2534 2020 2595 Latinorum
2063 2535 2314 2607 videtur,
2375 2544 2512 2596 sunt
2548 2537 2687 2596 hae:
2747 2537 2888 2609 ‘ad,
2934 2535 3042 2609 ob,
3087 2555 3225 2614 per,
3260 2553 3314 2591 :m

633 2648 786 2721 post,
823 2639 929 2713 cis,
970 2641 1206 2711 trans’;
1254 2635 1601 2715 bisyllabae:
1651 2637 1864 2715 ξειριιᾱ,
1903 2646 2059 2710 ante,
2096 2637 2262 2711 citra,
2307 2637 2546 2710 circum,
2580 2638 2758 2710 circa,
2800 2646 3024 2710 contra,
3058 2655 3227 2714 erga,

632 2749 826 2813 extra,
873 2741 1058 2814 inter,
1096 2738 1274 2809 intra,
1320 2737 1501 2810 infra,
1535 2738 1721 2809 iuxta,
1772 2757 1991 2818 prope,
2034 2758 2216 2819 pone,
2263 2739 2443 2810 ultra,
2488 2747 2751 2819 praeter,
2797 2747 3070 2820 propter,
3118 2759 3227 2800 sn·

632 2862 765 2924 pra,
814 2860 1030 2920 usque,
1091 2844 1344 2920 penes';
1405 2839 1769 2918 trisyllabae:
1833 2840 2134 2914 (οἰκίων,
2182 2842 2498 2914 adversuS,
2543 2841 2924 2902 secundum'.
3015 2861 3082 2902 ex
3123 2841 3226 2900 his

541 2992 551 2998 .
633 2943 948 3024 pleraeque
992 2942 1145 3021 apud
1200 2942 1455 3001 Graecos
1503 2941 1655 3001 inter
1695 2942 1965 3003 adverbia
2013 2952 2330 3022 ponuntur,
2380 2951 2441 3003 ut
2475 2962 2652 3023 saepe
2696 2943 3024 3016 docuimuS,
3061 2945 3223 3021 qnod

632 3052 851 3106 certam
885 3043 1104 3104 habent
1149 3043 1630 3121 significationem
1676 3045 1849 3105 etiam
1897 3064 2004 3123 per
2048 3065 2111 3104 se
2152 3044 2408 3123 positae,
2464 3045 2617 3121 quod
2664 3045 2723 3104 in
2772 3044 3226 3124 praepositioni·
3255 3062 3307 3100 25

631 3148 745 3209 bus
781 3146 1074 3222 abnegant
1114 3165 1247 3206 esse
1280 3164 1385 3224 per
1425 3166 1489 3206 se
1536 3146 1763 3226 positis,
1808 3155 1865 3206 et
1909 3146 2064 3224 quod
2111 3146 2248 3206 licet
2292 3155 2408 3206 tam
2447 3147 2638 3225 poetis
2678 3163 2850 3223 quam
2886 3145 3224 3206 oratoribus

632 3251 758 3309 siue
805 3248 1262 3328 reprehensione
1317 3254 1375 3305 et
1435 3266 1800 3327 praeponere
1858 3257 1914 3305 et
1967 3254 2322 3326 postponere
2368 3267 2433 3306 ea
2483 3246 2748 3320 casibus,
2793 3267 2926 3307 cum
2973 3265 3226 3326 praepo·

633 3351 913 3423 sitiones,
972 3349 1044 3408 de
1092 3348 1304 3427 quibus
1348 3347 1505 3409 nulla
1557 3347 1841 3408 dubitatio
1888 3355 2009 3421 est,
2071 3349 2181 3409 nisi
2230 3349 2458 3427 poetica
2503 3349 2820 3410 auctoritas
2864 3359 3227 3428 postponere

633 3471 750 3512 uon
797 3451 966 3524 solet,
1013 3459 1066 3510 et
1115 3449 1272 3529 quod
1318 3446 1557 3529 eollrum
1612 3449 1893 3529 pleraque
1938 3449 2210 3527 componi
2260 3468 2377 3509 non
2420 3459 2699 3528 possunt,
2738 3469 2872 3511 cum
2916 3450 3224 3529 praeposi-

633 3554 822 3614 tiones
853 3571 1058 3613 omnes
1105 3550 1261 3637 apud
1306 3549 1436 3610 illos
1478 3550 1649 3609 talem
1690 3559 1954 3610 naturam
2001 3549 2283 3621 babeant,
2333 3559 2394 3610 ut
2438 3559 2495 3610 et
2541 3551 2812 3630 componi
2858 3560 2915 3610 et
2961 3550 3219 3629 separari
3253 3570 3305 3609 au

777 3770 800 3819 l
844 3771 1073 3819 aduerbii
1116 3770 1224 3818 loco
1262 3769 1417 3818 ΕΛΚ
1562 3769 1594 3819 3
1633 3769 1795 3818 selent
1833 3770 1883 3818 B
2032 3770 2444 3834 interpositiones
2479 3770 2510 3817 Ιι
2549 3772 2963 3835 interpositiones
3000 3771 3052 3820 H
3188 3772 3218 3818 4

636 3850 825 3906 ponant
862 3839 908 3889 D
951 3846 1225 3902 posuerunt
1267 3839 1318 3887 B
1492 3839 1524 3886 5
1563 3854 1904 3889 Teneonams.
1941 3836 1950 3906 Ι
1995 3840 2198 3888 Lot-aliu
2229 3843 2276 3889 in
2314 3857 2423 3893 ras.
2466 3841 2510 3888 B
2680 3851 2728 3888 et
2763 3859 2854 3888 om.
2891 3841 3032 3889 HGL
3173 3852 3222 3888 et

485 3909 503 3936 '
637 3910 820 3958 localia
855 3925 949 3962 om.
991 3908 1224 3956 Heidelb.
1264 3917 1395 3957 teste
1435 3908 1608 3966 Lind„
1644 3917 1759 3970 poce
1797 3925 1999 3972 quoque
2041 3911 2088 3957 in
2125 3926 2219 3972 my.
2261 3911 2382 3959 add.
2420 3910 2470 3958 11·
2649 3910 2847 3975 localia]
2901 3909 3134 3960 lociealia
3172 3911 3226 3957 ιη’

629 3983 674 4043 f.
706 3984 753 4030 in
791 3983 948 4028 litura
974 3979 1040 4034 H,
1076 3977 1175 4026 del.
1215 3985 1264 4025 et
1287 3979 1409 4027 add.
1452 3990 1546 4026 non
1589 3977 1763 4027 babuit
1803 3988 2032 4028 uetustus
2069 3979 2256 4027 localia
2289 3996 2318 4028 1·
2424 3980 2671 4042 quaedam
2712 3978 2783 4042 in]
2823 3997 2852 4027 r
2888 3980 2936 4028 in
2969 3979 3219 4043 quaedam

635 4050 679 4099 R
785 4051 819 4102 6
844 4048 913 4114 et]
955 4049 1076 4098 add.
1112 4046 1150 4094 d
1185 4048 1263 4094 uel
1290 4047 1442 4095 ΕΛΚ
1551 4047 1749 4111 pridiae
1777 4048 1852 4096 Rr
1957 4049 2199 4098 calendas
2231 4049 2275 4097 lt
2379 4050 2459 4097 uel
2488 4064 2602 4110 sup.
2632 4050 2722 4100 lin.
2754 4050 2875 4098 add.
2909 4052 2957 4099 D
3072 4049 3106 4098 8
3129 4063 3222 4112 pro

633 4136 663 4168 a
698 4121 849 4169 domo
892 4134 984 4170 om.
1026 4118 1070 4166 R
1107 4117 1227 4164 add.
1264 4133 1292 4164 1·
1403 4116 1466 4167 10
1505 4132 1595 4180 per
1633 4116 1836 4182 urbem]
1873 4119 1910 4166 d
1958 4134 2048 4182 pro
2089 4121 2210 4166 urbe
2251 4119 2293 4165 D
2409 4119 2463 4166 11
2517 4119 2941 4181 significationem
2982 4123 3034 4168 in
3070 4121 3221 4167 litura

635 4189 681 4237 L
825 4188 888 4238 1⁶2
928 4182 1132 4248 localia]
1174 4202 1203 4232 r
1240 4185 1463 4246 loqualia
1499 4187 1545 4235 R
1689 4186 1752 4235 la
1792 4185 1878 4249 ex]
1920 4204 2010 4237 om.
2046 4187 2102 4236 H
2136 4197 2188 4235 nt
2225 4202 2287 4234 ex
2323 4186 2400 4233 me
2546 4188 2607 4235 14
2647 4187 2774 4236 haec
2812 4189 2948 4250 quod
2985 4198 3038 4237 nt
3074 4187 3123 4234 B

636 4253 1095 4323 praepositionum]
1130 4272 1159 4302 1·
1194 4256 1624 4319 praepositionem
1662 4257 1707 4305 H
1860 4258 2057 4305 soleant
2094 4256 2139 4304 L
2291 4255 2454 4304 solent
2492 4272 2606 4304 eum
2650 4258 2855 4307 casibus
2893 4258 3104 4321 adiungi
3143 4271 3223 4304 ar-

634 4329 757 4374 tium
802 4328 845 4375 B
1001 4327 1063 4376 15
1101 4333 1217 4388 post
1254 4324 1601 4389 adiunguntur
1631 4341 1777 4390 sqq..·
1829 4326 2448 4388 artium—adiunguntur
2492 4326 2614 4387 (sie)
2653 4328 2700 4374 ιἰι
2737 4344 2831 4392 my.
2870 4327 2992 4376 add.
3033 4326 3085 4376 K

640 4396 702 4445 18
735 4393 1098 4461 adiungantur]
1141 4395 1488 4458 adiunguntur
1525 4394 1830 4444 BDHGLK
1945 4395 2229 4444 accussatio
2271 4395 2317 4442 L
2466 4393 2526 4443 1⁰
2561 4396 2910 4460 dissernamus
2944 4398 3021 4446 ur
3156 4395 3225 4444 20

636 4466 700 4514 de
741 4462 1049 4528 praepositio
1085 4461 1115 4528 ᾇ
1148 4465 1467 4514 accussatiuo
1504 4466 1783 4529 iunguntur
1819 4468 1970 4513 ins-rr.
2001 4465 2050 4512 Κ
2156 4464 2386 4525 sic-quitur
2418 4464 2699 4530 uuisyllabq
2727 4466 2775 4514 B
2811 4468 3039 4527 sequitur
3076 4461 3224 4512 uui9-

634 4535 835 4598 syllaba
876 4534 906 4582 b
1046 4536 1144 4583 Vni
1178 4534 1405 4597 syllabae
1444 4535 1487 4581 G
1628 4534 1866 4583 uidentur
1900 4534 2054 4583 BHL
2196 4533 2256 4581 21
2300 4534 2486 4581 circum
2519 4536 2654 4582 circa
2690 4537 2814 4585 citra
2850 4536 2897 4582 D
3043 4537 3108 4584 22
3150 4535 3220 4581 in-

636 4614 712 4652 tra
748 4604 877 4651 inter
915 4602 971 4650 H
1111 4604 1231 4652 iuxa
1273 4604 1319 4652 B
1461 4603 1528 4652 23
1569 4601 1747 4667 penes]
1784 4620 1814 4651 r
1853 4619 2011 4667 panes
2054 4603 2096 4649 li
2138 4617 2323 4665 poenes
2364 4603 2418 4650 H
2557 4603 2958 4667 aptet-aeque]
3001 4605 3066 4653 dle
3116 4603 3220 4668 ple-

638 4687 791 4735 raque
833 4670 1044 4719 DHGK
1184 4670 1428 4736 Graecos]
1463 4674 1500 4719 «1
1533 4688 1743 4737 graecas
1783 4672 1830 4719 D
1984 4673 2050 4721 25
2089 4674 2377 4733 certa-qut
2410 4674 2464 4719 m'
2490 4672 2565 4735 f.)
2600 4672 2656 4720 H
2808 4674 2996 4722 liabent
3037 4674 3218 4722 habeut

637 4741 682 4791 R
831 4742 900 4791 ‘2ss
938 4740 1296 4804 *abnegantssi
1314 4741 1362 4802 ?)
1400 4743 1452 4790 H
1605 4757 1718 4790 esse
1755 4757 1847 4787 om.
1889 4743 1930 4791 G
1968 4755 2134 4801 spser.
2165 4757 2200 4802 9
2353 4738 2492 4804 livet]
2533 4758 2563 4789 1·
2600 4741 2758 4802 liquet
2796 4743 2838 4792 G
2876 4743 3002 4792 locet
3041 4744 3085 4792 R

635 4821 735 4860 tam
772 4826 862 4859 om.
898 4810 943 4858 R
986 4809 1106 4857 add.
1144 4825 1173 4855 r
1313 4811 1381 4859 28
1418 4813 1691 4859 auctoritas
1729 4810 1811 4856 ssat
1843 4825 1878 4873 y
1914 4810 2186 4857 auctoritas
2221 4810 2313 4858 boe
2359 4813 2508 4858 l'aciat
2544 4811 2574 4857 Ιι
2716 4815 2954 4877 postponi
3001 4813 3103 4862 LK

634 4881 703 4933 29
740 4879 868 4929 solet
906 4882 954 4929 in
993 4878 1156 4929 solent
1192 4885 1306 4931 mue.
1350 4879 1399 4926 Κ
1438 4880 1599 4927 solent
1640 4879 1736 4928 GL
1879 4893 2050 4927 earum
2085 4880 2134 4928 B
2273 4880 2342 4931 30
2377 4882 2600 4946 seperari
2637 4882 2688 4936 L
