3576 5595
485 830 580 881 157

465 1829 574 1898 ‘158

473 2767 572 2820 159

619 395 745 458 496
1726 400 2095 462 PntsctANt

721 522 764 562 p.
787 509 906 552 ιω).
936 511 987 550 aa
1007 509 1054 551 r.
1894 512 1900 518 ·
2798 529 2840 570 p.
2864 517 2958 557 ³³⁴.
2977 517 3027 558 ³⁵
3050 517 3104 558 x.

1850 609 2000 661 vm.

1092 721 1175 762 vr
1217 721 1406 762 annm
1452 722 1696 764 slouvu
1739 725 2064 765 LAvnnnrt
2111 724 2363 766 'rvnnvs
2413 724 2494 766 ΑΒ
2542 726 2729 767 Anca.

789 820 1018 881 Scande
1063 840 1313 881 versum.
1389 821 1572 881 thel
1641 821 1676 882 li
1701 823 1747 883 si
1818 843 1996 901 gnum
2029 825 2149 885 Lau
2226 824 2376 885 renti
2451 824 2683 885 Turnus
2708 825 2780 885 ab
2848 844 3000 886 arce.
3049 825 3206 897 Quot

617 941 891 983 caesuras
931 920 1146 982 habet?
1192 921 1391 982 Vnam.
1454 922 1685 993 Quam?
1718 925 2221 1004 Semiquinariam.
2292 924 2642 996 Quomodo?
2683 930 2749 986 Vt
2786 927 2919 986 belli
2949 928 3201 1005 signum.

618 1025 773 1095 Quot
816 1026 1131 1102 figurarum
1175 1022 1306 1082 est?
1366 1023 1654 1102 Quinque.
1730 1025 1967 1096 Quare?
2035 1025 2182 1097 Quia
2224 1036 2454 1088 constat
2494 1046 2563 1087 ex
2608 1036 2883 1105 quattuor
2923 1029 3201 1108 spondeis
3229 1050 3255 1088 ³

616 1134 673 1185 et
718 1144 834 1186 uno
879 1124 1122 1203 dactylo.
1200 1124 1406 1184 Tracta
1456 1126 1976 1206 singulos-pedes.
2062 1127 2225 1187 Vthel
2271 1128 2572 1208 spondeus
2613 1148 2680 1188 ex
2738 1128 2964 1189 duabus
3013 1129 3202 1208 longis

615 1235 672 1286 et
717 1235 946 1291 cetera..
1003 1224 1160 1296 Quot
1200 1234 1394 1304 partes
1440 1226 1722 1286 orationis
1765 1228 1984 1289 hahet?
2043 1231 2300 1309 Septem.
2337 1207 2353 1224 ’
2388 1231 2543 1299 Quot
2587 1229 2865 1290 nomina?
2910 1230 3201 1308 Quinque,

615 1327 748 1388 belli
795 1328 1025 1405 signum
1065 1327 1337 1387 Laurenti
1369 1327 1601 1387 Turnus
1646 1347 1798 1388 arce.
1867 1329 2020 1399 Quid
2067 1329 2267 1390 atiud?
2311 1331 2678 1403 Adverhium,
2726 1341 2807 1404 ut,
2853 1340 2910 1391 et
2952 1351 3200 1412 praepo-

615 1429 907 1501 sitionem,
953 1428 1051 1498 ah,
1136 1428 1345 1488 Tracta
1393 1427 1654 1506 singulas
1699 1439 1915 1509 partes,

784 1532 874 1591 Vt
924 1548 1264 1608 quae-pars
1323 1530 1602 1590 orationis
1655 1529 1784 1590 est?
1862 1530 1971 1590 llic
2029 1531 2363 1592 adverbium
2412 1533 2762 1613 temporale,
2808 1534 2950 1596 alias
3003 1544 3274 1596 antemio

613 1629 1007 1695 similitudinis
1060 1638 1256 1709 potest
1299 1651 1448 1692 esse.
1509 1639 1565 1690 et
1608 1630 1833 1692 adiecta
1885 1641 2077 1692 tamen
2124 1633 2141 1692 i
2190 1634 2433 1694 eandem
2478 1635 2652 1695 habet
2690 1636 3197 1713 significationem,

613 1736 732 1810 uti;
788 1734 879 1794 cui
935 1731 1184 1792 adicitur
1226 1751 1359 1791 nam
1405 1741 1462 1791 et
1504 1734 1566 1792 fit
1610 1732 1946 1793 adverbium
1995 1735 2254 1814 optandi,
2311 1736 2548 1796 utinam.
2620 1735 2885 1797 similiter
2930 1757 3063 1799 cum
3111 1738 3197 1798 vel

611 1835 1034 1916 compositum,
1073 1833 1228 1893 velut
1267 1841 1321 1892 et
1362 1833 1564 1907 veluti,
1604 1834 1940 1895 adverbium
1983 1835 2376 1896 similitudinis
2411 1845 2517 1896 est.
2610 1846 2667 1897 et
2697 1839 2929 1916 quando
2965 1838 3064 1897 ἴνα
3110 1840 3197 1900 vel

605 1929 697 1997 ὅτι
746 1938 1030 1997 Graecum
1062 1935 1382 2012 significat,
1422 1954 1529 2015 pro
1574 1935 1988 1997 coniunctione
2019 1938 2235 1998 causali
2271 1938 2571 2017 accipitur.
2621 1949 2711 1999 est
2741 1941 2913 2000 etiam
2960 1943 3196 2019 quando

607 2039 925 2120 optativum
971 2045 1090 2108 est,
1137 2045 1202 2097 ut
1244 2036 1653 2097 Terentius
1699 2037 1756 2097 in
1804 2037 2257 2099 Phormione
2300 2046 2350 2096 a&
3218 2066 3269 2107 ¹5

908 2138 1249 2200 utillum
1292 2139 1370 2198 di
1415 2138 1761 2217 deaeque
1829 2158 2082 2201 omnes
2127 2141 2462 2219 perdant.

775 2240 965 2302 Belli
1013 2259 1160 2318 quae
1198 2259 1336 2318 pars
1379 2239 1659 2300 orationis
1699 2238 1832 2300 est?
1903 2240 2145 2301 Nomen.
2217 2240 2442 2311 Quale?
2500 2242 2941 2321 Appellativum.
3014 2243 3193 2304 Cuius

604 2342 863 2426 speciei?
943 2341 1320 2431 Derivativae.
1411 2341 1570 2400 Vnde
1632 2339 1966 2400 derivatur?
2056 2343 2140 2402 Ab
2202 2362 2271 2402 eo
2330 2344 2484 2422 quod
2552 2352 2641 2404 est
2698 2343 2914 2404 bonum
2976 2343 3193 2406 bellum

605 2445 1007 2508 diminutivum
1066 2451 1173 2502 est.
1263 2461 1370 2521 per
1434 2441 1799 2520 antiphrasin
1860 2442 2063 2520 igitur,
2119 2444 2231 2503 hoc
2288 2454 2378 2503 est
2432 2461 2538 2524 per
2584 2441 2594 2527 Ι
2645 2444 3190 2520 contradictionem,

604 2568 711 2628 pro
750 2546 903 2607 malo
934 2545 1149 2605 bellum
1194 2543 1437 2615 dicitur,
1478 2543 1533 2602 id
1574 2552 1664 2602 est
1703 2544 1859 2621 quod
1902 2542 2056 2602 malo
2095 2545 2389 2605 inventum
2438 2555 2525 2606 est
2568 2547 2889 2607 hominum.
2960 2566 2990 2607 a
3034 2547 3264 2609 bonum

605 2667 744 2728 ergo
801 2646 1185 2707 masculinum
1233 2645 1425 2705 bonus
1469 2643 1690 2717 bellus,
1749 2644 2092 2704 femininum
2144 2644 2297 2705 bona
2342 2645 2522 2720 bella,
2586 2656 2857 2708 neutrum
2907 2649 3059 2727 quod
3101 2658 3192 2710 est

602 2750 821 2813 bonum
862 2747 1078 2810 bellum
1118 2746 1274 2809 facit.
1344 2745 1537 2807 omnia
1577 2746 1728 2808 enim
1774 2745 1834 2807 in
1874 2765 1944 2807 us
1988 2746 2311 2808 desinentia
2358 2749 2677 2810 masculina
2723 2750 3021 2827 geminant
3068 2751 3083 2811 1
3128 2751 3188 2812 in

603 2850 992 2923 diminutiviS,
1039 2860 1102 2910 ut
1140 2848 1408 2927 geminus
1454 2848 1736 2926 gemellus
1766 2858 1823 2908 et
1853 2849 2082 2927 gemina
2129 2850 2374 2926 gemella
2424 2860 2480 2910 ct
2512 2852 2807 2929 geminum
2855 2852 3184 2929 gemellum.
3230 2866 3233 2871 ’

603 2964 661 3016 et
711 2953 1049 3026 sciendum,
1107 2951 1263 3029 quod
1308 2950 1681 3010 inveniuntur
1739 2951 1912 3010 etiam
1967 2951 2227 3030 ipsorum
2273 2951 2747 3013 diminutivorum
2796 2954 3185 3033 comparativa

602 3066 659 3117 et
713 3054 1096 3135 superlativa,
1156 3052 1451 3131 quomodo
1507 3052 2031 3133 comparativorum
2102 3051 2472 3127 diminutiva,
2529 3072 2678 3132 quae
2733 3054 2887 3134 apud
2929 3054 3257 3116 Graecos-25

601 3177 718 3219 non
760 3156 1003 3217 invenis.
1094 3155 1247 3215 unde
1294 3163 1351 3214 et
1387 3154 1798 3214 Terentius
1828 3150 1856 3236 ΙΙ
1887 3155 1943 3213 in
1990 3154 2346 3234 Adelphis

906 3267 1121 3337 atque
1168 3275 1386 3317 unum
1431 3255 1824 3334 quicquid,
1880 3255 2071 3333 quod
2120 3256 2416 3334 quidem
2464 3255 2604 3317 erit
2644 3255 3182 3331 bellissimum,

723 3378 1036 3440 carpam.

744 3498 760 3547 1
797 3511 1111 3548 mensuum
1153 3510 1400 3547 muscum
1440 3508 1755 3544 oniti-tuamet
1797 3509 1843 3544 m
1888 3509 2084 3554 return
2123 3507 2319 3544 oznaim
2359 3509 2562 3544 suerint
2603 3510 2736 3545 motu
2776 3510 3023 3547 ssxntnos
3063 3510 3182 3547 cox-

601 3582 753 3618 cuurr
805 3583 951 3619 mear
1001 3580 1221 3615 mosot-:iu
1271 3580 1320 3614 tu
1372 3580 1569 3623 Ριιιιιυιι
1621 3579 1819 3613 mensim
1860 3579 2036 3615 ocum
2076 3579 2208 3614 unni
2245 3565 2286 3613 C
2332 3580 2519 3614 metri-r
2566 3576 2884 3615 εκριΛῑηΑτιο
2934 3579 3180 3616 Pittacum

598 3652 913 3689 emunit-rtet
966 3651 1012 3687 tu
1051 3649 1247 3685 Parnon
1286 3649 1479 3685 onasum
1522 3648 1695 3685 ocum
1735 3648 1870 3685 mant
1906 3648 2156 3685 AENfflDOS
2192 3649 2455 3693 nucu-nn
2494 3634 2535 3684 S
2582 3649 2765 3683 ussnsus
2801 3649 3005 3684 sarrin
3048 3649 3180 3683 ciunt

599 3723 732 3757 rmir
779 3721 1021 3757 reiectam
1069 3720 1382 3756 casuum-tet
1425 3707 1486 3767 G,
1520 3707 1570 3754 in
1609 3718 1704 3768 quo
1737 3719 1833 3752 non
1868 3704 2049 3753 addita
2100 3704 2354 3767 sequentis
2404 3702 2528 3753 libri
2571 3704 2894 3765 inscriptione
2938 3705 3183 3754 subicitur

596 3778 714 3828 noni
747 3777 867 3826 libr-1·
899 3776 1205 3837 explicatio,
1240 3776 1404 3837 Atque
1442 3789 1501 3823 ea
1535 3789 1645 3837 sqq.
1683 3798 1748 3808 -
1783 3772 2103 3838 gesticulatio
2136 3788 2320 3822 mansus
2350 3786 2530 3822 oct-Ant
2567 3788 2699 3821 ment
2747 3788 2884 3822 ruvri-
2926 3787 3179 3823 Pntsctaut

598 3861 910 3897 casuum-tet
943 3882 953 3893 .
987 3859 1173 3895 meten·
1213 3858 1328 3895 nom
1373 3844 1433 3894 Ut
1462 3843 1580 3899 belli
1615 3843 1822 3908 signum
1853 3858 1881 3891 s
1917 3860 1967 3907 q.
1997 3869 2067 3879 —·
2104 3842 2356 3891 arcendus
2388 3856 2523 3891 rturr
2555 3858 2737 3892 onasus
2776 3857 2909 3891 maru
2951 3858 3066 3896 nost
3106 3857 3179 3891 tu·

596 3931 729 3966 cirn-
764 3930 940 3964 nectat
966 3914 1209 3964 Panditur
1234 3929 1342 3978 sqq.
1471 3912 1534 3962 13
1571 3921 1619 3961 et
1648 3912 1851 3974 quando
1909 3926 1979 3960 να
2007 3912 2083 3961 vel
2112 3901 2195 3960 ὅτι
2230 3926 2468 3977 graecum
2502 3910 2870 3962 Lindemonnue
2897 3920 2946 3961 et
2976 3911 3179 3977 quando

593 3984 677 4036 ina
704 3986 855 4035 ueluti
887 3998 1125 4050 graecum
1151 3985 1192 4034 S
1217 3983 1417 4046 quando
1443 3990 1608 4031 autem
1643 3982 1777 4030 inam
1809 3981 1962 4030 ueluti
1994 3996 2234 4047 graecum
2261 3981 2304 4030 G
2331 3988 2379 4029 et
2404 3980 2635 4043 quando,
2670 3981 2718 4030 in
2736 4020 2750 4034 .
2770 3995 2801 4029 a
2826 4017 2839 4030 .
2874 3995 3113 4046 graecum
3143 3981 3184 4029 C

596 4066 672 4105 est
709 4054 912 4117 quando
942 4044 1098 4109 ὅπως
1136 4053 1215 4101 uel
1255 4048 1361 4100 ἵνα
1389 4066 1632 4117 graecum
1658 4065 1724 4107 ςε
1762 4052 1832 4112 cf.
1864 4053 2119 4101 Priscian.
2149 4066 2200 4112 p.
2244 4050 2392 4100 1021.
2426 4050 2556 4100 1027
2723 4050 2789 4099 14
2825 4059 2902 4099 est
2938 4053 3088 4100 etiam
3124 4057 3179 4098 ut

594 4124 796 4187 quando
829 4125 870 4175 C
905 4132 980 4173 est
1015 4126 1162 4173 etiam
1190 4143 1254 4171 *a
1280 4122 1483 4185 quaudo
1507 4121 1548 4167 S
1692 4121 1752 4171 15
1779 4123 2009 4170 lacunam
2045 4121 2291 4181 indicavi,
2327 4136 2426 4183 qua
2460 4134 2637 4169 versus
2666 4118 2975 4169 Phormion&
3001 4119 3092 4169 1111
3124 4120 3175 4175 4,

592 4192 626 4245 6
656 4211 734 4259 sq.
767 4203 817 4243 ut
860 4202 907 4242 te
946 4193 1147 4255 quidem
1188 4207 1363 4241 omnes
1395 4190 1444 4239 di
1485 4190 1711 4253 deaeque
1749 4192 1919 4256 superi
1963 4190 2113 4239 inseri
2147 4190 2289 4238 bladis
2328 4187 2576 4253 exemplis
2615 4189 2829 4253 perdant
2860 4191 3178 4249 exciderunt,

593 4280 689 4329 quo
713 4266 940 4324 exemplo
964 4264 1012 4310 in
1037 4262 1209 4310 eadem
1245 4278 1304 4310 re
1331 4276 1450 4310 usus
1477 4268 1553 4309 est
1576 4261 1907 4323 Charisiusp.
1927 4261 2020 4311 197
2045 4300 2057 4312 .
2080 4261 2310 4324 sequitur·
2332 4260 2541 4307 alterum
2575 4258 2849 4319 exemplum
2866 4257 3098 4308 Eunuchi
3136 4258 3177 4307 11

593 4333 644 4395 3,
667 4335 730 4393 11
767 4344 818 4382 ut
854 4332 992 4381 illum
1020 4331 1070 4379 di
1107 4331 1332 4393 deaeque
1368 4344 1543 4379 omnes
1572 4331 1768 4380 senium
1799 4332 2030 4396 perdant,
2057 4330 2195 4394 quod
2220 4335 2294 4378 cst
2313 4326 2452 4388 apud
2476 4326 2792 4375 Prisc-Ianum
2813 4341 2868 4387 p.
2904 4326 3028 4377 1141

596 4403 660 4453 16
690 4411 741 4451 ut
769 4402 906 4451 illum
924 4400 1004 4451 CS
1032 4409 1085 4449 ut
1110 4400 1234 4449 illud
1260 4402 1336 4450 G:
1356 4409 1409 4448 ut
1437 4399 1574 4448 illum
1601 4401 1672 4448 dii
1703 4415 1880 4449 omnes
1918 4401 2143 4460 deaeque
2174 4398 2388 4464 perdant
2414 4409 2448 4451 ς
2541 4395 2753 4460 perdant
2785 4396 2827 4444 S
2846 4396 3066 4459 perdunt
3091 4397 3176 4447 OG

697 4473 754 4520 21
791 4480 1019 4521 neutrum
1052 4470 1186 4532 quod
1212 4479 1289 4519 est
1318 4468 1557 4521 bonumS
1583 4479 1758 4519 neutro
1788 4471 1922 4533 quod
1953 4477 2030 4518 est
2060 4469 2244 4517 bonum
2267 4468 2307 4517 C
2340 4476 2386 4513 et
2407 4481 2436 4512 a
2468 4473 2643 4513 neutro
2665 4464 2801 4527 quod
2828 4463 3012 4513 bonum
3032 4466 3074 4515 C

590 4541 654 4590 24
685 4541 1095 4589 diminutiuorum
1128 4540 1171 4589 G
1211 4539 1596 4588 diriuatiuorum
1621 4540 1702 4589 CS
1841 4540 1907 4589 ‘26
1935 4541 1981 4587 in
2015 4534 2279 4601 Adelphis]
2323 4535 2405 4581 1111
2447 4536 2498 4591 2,
2521 4534 2581 4583 51
2729 4533 2794 4580 27
2831 4535 2981 4596 atqu‘e
3016 4550 3171 4584 unum

592 4625 790 4673 quoque
816 4609 951 4672 quod
977 4610 1182 4671 quidam
1211 4609 1409 4657 illorum
1437 4608 1765 4658 bellissimum
1796 4624 1999 4673 carpam
2022 4642 2033 4655 .
2058 4607 2187 4655 sicut
2213 4605 2343 4653 enim
2380 4603 2633 4651 inuenitur
2657 4600 2833 4650 bellior
2864 4601 3173 4655 bellissimus

590 4695 620 4726 a
660 4681 881 4743 positiuo
914 4679 998 4739 qui
1031 4688 1105 4727 est
1143 4677 1324 4735 bellus,
1369 4677 1435 4724 ita
1469 4693 1498 4724 a
1539 4678 1898 4742 compat-atinis
1938 4676 2249 4725 neutralibus
2287 4673 2450 4721 maius
2490 4681 2538 4719 et
2563 4671 2809 4735 grandius
2843 4671 3173 4723 inueniuntur

590 4748 898 4795 deminutiua
925 4747 1236 4795 maiuscnlus
1265 4746 1542 4794 maiuscula
1577 4748 1910 4795 maiusculum
1942 4742 2336 4811 guandiusculus
2362 4740 2724 4807 grandiuscula
2751 4742 3168 4804 grandiusculum

591 4824 639 4862 et
668 4815 833 4929 adplus
868 4816 1126 4879 plusculus
1153 4815 1386 4880 pluscula
1410 4815 1695 4878 plusculum
1725 4853 1736 4863 .
1759 4832 1825 4864 ex
1856 4816 1986 4865 bello
2012 4816 2060 4864 l,
2200 4814 2413 4875 quicque
2445 4811 2530 4860 CG
2555 4824 2784 4873 qunque
2804 4810 2846 4860 S
2871 4825 3071 4875 quoque
3111 4828 3168 4864 s:

593 4896 691 4944 quo
731 4897 826 4944 que
861 4883 993 4945 quod
1024 4884 1118 4932 erit
1147 4897 1180 4938 ς
