3576 5595
600 447 1021 509 tNSTtTles)
1071 447 1166 507 ΒΕ
1215 446 1508 507 ΝΟΜΙΝΕ
1558 446 1655 506 ΕΤ
1703 446 2146 507 PRONOMtNE
2193 447 2290 506 ET
2338 409 2856 511 mutinae—56
2945 449 3068 510 453

577 575 620 614 p.
648 563 822 601 ι3ιι.ι5
847 562 891 601 ι».
2664 564 2810 616 pm
2845 564 2964 603 miz.

474 642 706 713 sumpta
747 651 907 703 muS,
955 634 1095 693 facit
1139 652 1302 694 snam
1352 633 1598 712 primam
1651 621 1968 712 pluralem,
2019 642 2080 694 ut
2124 644 2277 693 amet
2308 631 2333 716 ΙΙ
2366 654 2661 708 amemuS,
2710 635 2917 694 doceat
2963 634 3067 694 do-

476 754 743 808 ceamus,
787 735 937 811 legat
986 732 1277 811 legamus,
1327 734 1520 792 audiat
1562 733 1899 803 audiamus:
1944 723 2199 794 secunda
2247 755 2380 795 vero
2419 735 2662 814 pluralis
2707 756 2736 795 a
2784 736 3062 813 singulari

477 857 581 896 sua
641 839 703 896 lit
761 836 986 896 adiecta
1038 844 1093 895 te
1141 834 1388 912 syllaba,
1440 842 1500 896 ut
1556 855 1679 894 ama
1729 845 1949 906 amate,
2009 836 2154 895 doce
2210 836 2446 910 docete,
2491 836 2620 913 lege
2677 838 2880 913 legite,
2928 837 3060 896 audi

475 939 687 998 audite.
778 946 834 997 et
892 944 1057 1008 nota,
1117 936 1270 1013 quod
1326 936 1383 994 in
1443 936 1610 995 tertia
1669 936 2076 1014 coniugatione
2134 957 2165 996 e
2213 937 2432 1011 smaliS,
2491 957 2640 1016 quae
2686 938 2816 997 loco
2863 938 2876 997 i
2927 958 3055 998 cor-
3096 948 3162 996 52

430 1047 676 1119 5reptae
724 1039 986 1118 ponitur,
1035 1037 1090 1096 in
1134 1037 1340 1116 plurali
1390 1056 1634 1097 numero
1672 1037 1930 1097 eiusdem
1979 1057 2266 1118 personae
2307 1039 2361 1098 in
2407 1040 2764 1122 paenultimo
2810 1040 2957 1112 loce,
3004 1041 3059 1100 in

475 1161 590 1219 quo
637 1140 771 1200 licet
817 1140 830 1198 i
872 1147 1198 1218 correptam
1238 1138 1512 1211 inveniri,
1551 1139 1697 1198 redit
1738 1139 1795 1198 in
1840 1140 1886 1212 i,
1930 1139 2056 1217 lege
2096 1140 2286 1217 legite.
2379 1142 2544 1200 tertia
2593 1149 2787 1200 autem
2822 1141 3060 1220 pluralis

474 1242 796 1325 imperativi
845 1238 999 1301 modi
1060 1240 1115 1299 in
1160 1240 1318 1300 omni
1366 1239 1775 1317 coniugatione
1832 1260 1863 1299 a
1921 1240 2198 1317 singulari
2247 1261 2349 1302 sua
2395 1245 2458 1303 fit
2502 1241 2841 1321 interposita
2891 1262 2926 1302 n
2968 1243 3057 1302 lit-

474 1354 629 1415 tera,
687 1350 747 1403 ut
794 1350 947 1402 amet
995 1350 1220 1414 ament,
1271 1342 1478 1400 doceat
1517 1340 1797 1414 doceant,
1841 1341 1995 1418 legat
2038 1341 2270 1418 legant,
2317 1344 2529 1403 audiat·
2559 1344 2811 1403 audiant.
2905 1344 3057 1404 futu-

472 1464 601 1506 rum
661 1443 981 1524 imperativi
1048 1442 1339 1503 secundae
1405 1452 1455 1501 et
1509 1443 1708 1503 tertiae
1763 1462 2051 1522 personae
2108 1462 2419 1505 commune
2467 1452 2556 1504 est
2600 1452 2656 1503 et
2719 1446 2780 1504 lit
2833 1444 3053 1503 adiecta

409 1564 453 1601 ιο
474 1544 767 1607 secundae
824 1563 1111 1624 personae
1179 1544 1508 1623 praesentis
1574 1546 1854 1624 temporis
1912 1554 1972 1605 to
2029 1545 2276 1623 syllaba,
2334 1554 2397 1606 ιιι
2450 1565 2577 1606 ama
2633 1554 2852 1619 amato,
2910 1546 3055 1604 doce

474 1648 716 1719 doceto,
759 1646 887 1722 lege
939 1646 1146 1723 legito,
1195 1646 1328 1705 audi
1376 1630 1592 1705 altoilo.
1684 1647 1779 1705 hic
1823 1665 2058 1723 qnoque
2105 1646 2422 1706 notandum
2468 1656 2585 1719 est,
2633 1647 2787 1723 quod
2835 1666 2866 1706 e
2913 1648 3054 1706 tina·
3087 1661 3154 1707 53

474 1751 544 1809 lis
596 1751 651 1808 in
699 1749 712 1808 i
763 1748 911 1808 redit
962 1748 1021 1806 in
1069 1746 1419 1823 paenultima
1481 1747 1696 1825 syllaba
1760 1756 2000 1827 propter
2055 1767 2229 1827 supra
2287 1749 2499 1807 dictam
2553 1748 2868 1811 rationem.
2930 1748 3055 1823 lege

472 1852 667 1927 legito.
736 1850 870 1910 liuic
911 1848 1193 1907 addentes
1238 1855 1293 1906 te
1356 1848 1633 1926 syllabam
1698 1848 1940 1908 faciums
1993 1850 2308 1909 secundam
2369 1848 2681 1932 pluralem,
2749 1860 2812 1909 ut
2865 1859 3055 1908 amato

472 1961 752 2025 amatote,
810 1952 1016 2009 doceto
1077 1949 1363 2008 docetote.
1457 1950 1622 2009 tertia
1689 1968 1824 2009 vero
1878 1950 2120 2029 pluralis
2178 1951 2351 2011 futuri
2409 1951 2728 2029 imperativi
2792 1970 2821 2009 a
2890 1950 3053 2009 tertia

406 2071 450 2109 15
475 2054 678 2133 plurali
737 2050 1062 2132 praesentis
1121 2050 1407 2110 indicativi
1457 2050 1511 2109 in
1572 2052 1729 2110 omni
1783 2052 2192 2128 coniugatione
2250 2055 2310 2112 lit
2367 2051 2589 2112 adiecta
2634 2072 2698 2125 0,
2756 2059 2820 2111 ut
2862 2060 3058 2114 amant

471 2164 734 2225 amanto,
776 2154 987 2211 dorent
1029 2153 1310 2220 docento,
1358 2152 1558 2228 legunt
1593 2152 1857 2229 legunto,
1907 2153 2148 2212 audiunt
2198 2154 2506 2225 annotinum,
2556 2161 2696 2212 eunt
2732 2162 2927 2214 cuuto.

640 2254 890 2335 Optativi
946 2253 1100 2312 modi
1159 2272 1436 2332 praesens
1487 2261 1544 2312 et
1589 2255 1965 2331 praeteritum
2023 2254 2427 2333 imperfectum
2472 2255 2526 2314 iu
2575 2255 2731 2314 omni
2777 2256 3052 2330 coniuga-
3091 2275 3155 2323 54

472 2360 626 2418 tione
685 2376 715 2416 a
772 2354 1028 2416 secunda
1081 2374 1331 2433 persona
1390 2356 1709 2435 imperativi
1770 2358 1832 2416 [ἰι
1892 2356 2235 2415 adsumente
2281 2375 2435 2429 rem,
2498 2365 2558 2415 ut.
2602 2375 2729 2417 ama
2778 2376 3054 2431 amarem,

469 2461 616 2520 doce
673 2459 973 2527 docerem,
1033 2457 1160 2533 lege
1216 2456 1500 2533 legerem,
1554 2456 1686 2516 audi
1748 2457 2027 2516 audirem.
2119 2458 2492 2536 praeteritum
2551 2478 2685 2519 vero
2733 2460 3053 2538 perlectum

400 2572 530 2622 2001
576 2561 1211 2641 plusquamperfectum
1253 2557 1512 2617 eiusdem
1559 2558 1712 2618 modi
1756 2561 1820 2618 tit
1862 2578 1892 2617 a
1939 2560 2250 2637 praeterito
2297 2561 2556 2638 perfecto
2611 2560 2902 2621 indicativi
2956 2560 3057 2620 avl-

472 2672 740 2724 sumente
786 2683 814 2723 s
860 2669 918 2720 et
973 2681 1127 2733 sem,
1190 2667 1254 2720 ut
1299 2660 1482 2720 amavi
1532 2660 1908 2732 amavissem,
1968 2660 2138 2720 docui
2188 2662 2551 2735 docuissem,
2597 2662 2709 2739 legi
2762 2662 3055 2739 legissem,

471 2765 674 2827 audi'vi
731 2764 1100 2825 audivissem.
1194 2763 1451 2822 futurum
1500 2762 1732 2841 optativi
1781 2762 2026 2822 facimus
2084 2763 2303 2842 primae
2349 2782 2637 2843 personae
2682 2763 2972 2823 indicativi
3021 2785 3056 2823 o

472 2870 526 2928 in
586 2887 676 2926 em
730 2873 1135 2926 convertentes
1192 2865 1247 2923 in
1311 2864 1497 2943 prima
1556 2864 1998 2939 coniugatione,
2063 2865 2121 2924 in
2169 2864 2297 2924 aliis
2345 2885 2479 2925 vero
2526 2867 2583 2925 in
2637 2883 2762 2935 am,
2809 2874 2873 2924 ut
2923 2885 3055 2924 amo

468 2988 699 3039 amem,
746 2969 928 3027 doceo
972 2966 1244 3038 doceam,
1299 2965 1429 3042 lego
1477 2965 1693 3042 legam,
1741 2965 1914 3025 audio
1953 2966 2198 3026 audiam.
2292 2968 2484 3027 futuro
2531 2985 2763 3044 quoque
2816 2967 3049 3045 optativi
3089 2986 3155 3034 55

400 3088 449 3124 95
472 3070 659 3129 simile
709 3076 798 3126 est
843 3086 1126 3145 praesens
1174 3067 1554 3138 subiunctivi‚
1611 3086 1741 3126 curn
1791 3086 1980 3126 amem
2025 3069 2264 3128 doceam
2313 3068 2498 3145 legam
2547 3068 2796 3127 audiam.
2890 3087 3057 3147 prae-

472 3171 701 3230 teritum
762 3186 995 3245 quoque
1051 3169 1456 3247 imperfectum
1512 3167 1861 3227 suliiunctivi
1922 3169 2109 3229 simile
2155 3181 2241 3228 est
2294 3170 2587 3248 praesenti
2638 3178 2696 3228 ct
2741 3170 3055 3247 praeterito

468 3272 810 3350 imperfecto
857 3269 1125 3348 optativi,
1187 3277 1249 3328 ut
1294 3288 1425 3329 cum
1474 3287 1728 3328 amarem
1775 3270 2045 3330 docerem
2106 3270 2358 3345 legerem
2405 3272 2682 3332 audirem.
2777 3271 3057 3349 praeteri-

471 3385 589 3457 tum
635 3374 957 3451 perfectum
1002 3371 1353 3430 subiunctivi
1402 3391 1432 3429 a
1478 3371 1792 3450 praeterito
1841 3372 2100 3449 perlecto
2149 3373 2435 3433 indicativi
2486 3376 2576 3443 fit,
2620 3373 2774 3450 quod
2823 3374 3052 3433 mutati

469 3475 701 3534 finalem
752 3475 809 3534 in
863 3493 894 3531 e
949 3481 1280 3550 correptam
1350 3481 1405 3532 et
1464 3473 1717 3531 adsumit
1773 3472 1913 3542 rim,
1976 3481 2038 3532 ιιι
2086 3475 2268 3533 amavi
2323 3474 2668 3545 amaverim,
2723 3474 2895 3533 docui
2951 3474 3056 3533 do-

398 3576 719 3647 30cuerim,
759 3574 868 3651 legi
913 3573 1179 3649 legerim,
1225 3574 1411 3634 andivi
1451 3574 1783 3634 audiverim.
1844 3574 1997 3633 idem
2033 3582 2120 3634 est
2160 3583 2215 3633 et
2248 3576 2505 3636 futurum
2550 3576 2806 3636 eiusdem
2840 3571 2864 3658 Η
2901 3576 3053 3635 modi

469 3679 651 3756 prima
710 3675 1109 3735 tantmnmodo
1158 3695 1405 3754 persona
1456 3684 1714 3735 mutante
1761 3676 1839 3735 im
1891 3676 1947 3735 in
1996 3697 2060 3746 o,
2109 3684 2171 3735 ut
2214 3679 2524 3737 amaverim
2569 3677 2851 3737 amaveris
2895 3696 3055 3737 ama-

469 3781 612 3838 verit
668 3778 1049 3838 amaverimus
1107 3777 1435 3836 amaveritis
1485 3778 1834 3847 amaverint,
1893 3797 2163 3836 amavero
2206 3759 2490 3837 amaveris
2535 3780 2840 3853 amaverit3
2889 3779 3050 3839 simi-
3086 3795 3153 3843 56

468 3882 600 3941 liter
655 3879 950 3940 docuerim
1013 3878 1298 3948 docuere,
1363 3877 1598 3955 legerim
1648 3876 1878 3955 legero,
1935 3879 2213 3939 audierim
2271 3880 2526 3940 audiero.
2605 3881 3055 3959 plusquamper-

470 3986 682 4042 fectum
738 3979 1085 4041 subiunctivi
1131 3979 1318 4039 simile
1375 3984 1466 4038 est
1509 3981 1821 4057 praeterito
1866 3982 2127 4059 perfecto
2167 3989 2221 4039 et
2268 3980 2844 4059 plusquamperfecto
2889 3989 3054 4059 opta—

396 4107 446 4145 35
472 4084 597 4153 tivi,
659 4091 721 4142 ιιι
789 4083 1006 4158 utinam
1065 4081 1441 4152 amavissem,
1508 4100 1638 4140 cum
1702 4082 2077 4153 amavissem,
2148 4081 2480 4141 docuissem
2551 4080 2822 4161 legissem
2889 4083 3054 4141 audi—

466 4186 697 4245 vissein.

637 4284 918 4344 lnliuitiva
977 4285 1032 4344 in
1095 4284 1250 4343 omni
1309 4283 1715 4359 coniugatione
1790 4286 1936 4344 liunt
2005 4285 2331 4364 praesentis
2402 4286 2685 4364 temporis
2756 4286 3051 4346 secundae

465 4406 753 4465 personae
808 4385 1126 4465 imperativi
1188 4385 1379 4445 addita
1440 4404 1533 4456 re,
1595 4393 1657 4444 ut
1701 4405 1830 4446 ama
1875 4406 2099 4458 amare,
2159 4386 2304 4446 doce
2349 4387 2593 4459 docere,
2650 4386 2778 4462 lege
2836 4386 3051 4464 legere,

463 4488 595 4548 audi
642 4488 862 4548 audire.
929 4487 1302 4565 praeteritum
1353 4506 1383 4547 a
1424 4487 1737 4565 praeterito
1787 4490 2046 4567 perfecto
2094 4496 2148 4548 et
2194 4489 2771 4567 plusquamperfecto
2814 4488 3052 4568 optativi

393 4612 444 4650 -to
465 4589 687 4648 abiecta
735 4607 789 4647 m
838 4592 926 4659 tit,
961 4597 1024 4647 ιιι
1062 4587 1404 4649 amavissem
1436 4589 1747 4662 amavisse,
1788 4590 2119 4649 docuissem
2166 4590 2465 4660 docuisse,
2512 4590 2783 4667 legissem
2819 4591 3052 4668 legisse,

462 4689 813 4749 audivissem
859 4689 1150 4749 audivisse
1200 4689 1283 4748 vel
1335 4690 1649 4750 audiissem
1696 4690 1985 4765 audiisse3
2034 4692 2291 4751 futurum
2337 4711 2474 4752 vero
2523 4711 2630 4771 per
2672 4692 2946 4772 supinum
2990 4692 3049 4753 in
3085 4706 3153 4756 57

607 4909 664 4958 lt
707 4907 897 4987 hicque
928 4909 1204 4957 notandum
1245 4918 1320 4958 est
1361 4911 1400 4959 C
1468 4909 1563 4958 hnc
1602 4924 1803 4973 qnoque
1845 4910 2119 4960 notandum
2156 4923 2231 4961 cst
2271 4925 2304 4968 ς
2452 4912 2512 4962 13
2553 4911 2667 4962 huic
2701 4926 2734 4970 ς
2805 4910 2886 4961 hic
2924 4914 2965 4963 G
