3576 5595
768 393 1137 454 PRISClANl
1183 393 1281 453 DE
1328 394 1605 455 METRlS
1650 394 2007 456 TERENTll
2054 396 2297 456 LIBER.
2358 408 2503 461 1——5
2829 400 2954 462 419

464 521 507 561 p.
532 509 645 551 1³20.
666 510 709 549 2¹
736 509 783 550 P.
2186 550 2203 563 ,
2557 526 2604 566 p.
2624 513 2778 555 tot-6
2794 514 2850 556 K.

362 582 515 641 idem
556 582 616 641 in
671 583 728 639 Φ
777 579 1063 641 lliados

667 673 838 741 οὐδὲ
885 676 1378 760 Σκάμανδρος
1425 681 1634 761 ἔληγε
1673 673 1747 741 τὸ
1793 675 1876 742 ὃν
1923 681 2170 761 μένος,
2216 672 2365 743 ἀλλ’
2416 683 2525 744 ἔτι
2567 685 2881 762 μᾶλλον,

362 784 518 844 idem
568 784 624 844 in
666 783 984 861 Odyssia

1365 882 1697 944 πέλεκυν
1739 882 1973 963 μέγαν
2016 878 2149 961 ἠδὲ
2192 884 2650 964 σκέπαρνον,

319 987 550 1048 snostri
614 995 808 1047 tamen
870 1005 1002 1047 cum
1060 983 1341 1068 licenltia‚
1414 996 1471 1048 et
1527 988 1775 1049 maxime
1831 988 2240 1061 vetustissimi,
2309 989 2659 1051 subtrahunt
2716 1010 2842 1051 eam
2898 991 2956 1052 in

367 1090 567 1150 metris
617 1090 972 1166 frequenter.
1004 1123 1089 1132 —
1123 1089 1234 1148 lioc
1289 1089 1463 1166 igitur
1523 1089 1673 1148 idem
1721 1089 1936 1150 secisse
1991 1089 2242 1150 arbitror
2291 1091 2350 1151 in
2398 1112 2576 1171 supra
2621 1091 2791 1152 dictis
2834 1112 2956 1153 me-

367 1191 504 1261 tris,
552 1199 645 1264 ut,
693 1190 848 1267 quod
893 1190 976 1250 illi
1023 1191 1320 1251 rarissime
1366 1200 1718 1270 posuerunt,
1786 1192 1848 1251 hi
1894 1191 2364 1269 frequentissime
2410 1192 2468 1253 in
2514 1193 2722 1253 iambis
2775 1214 2959 1273 pone-

366 1299 514 1352 rent.
604 1301 742 1353 sunt
784 1302 981 1353 tamen
1021 1293 1116 1371 qui
1163 1292 1482 1352 altitudinis
1524 1312 1697 1353 causa
1746 1293 1918 1352 etiam
1968 1302 2025 1352 et
2073 1293 2558 1372 pompabilitatis‚
2625 1314 2775 1372 quae
2819 1295 2955 1356 stilo
2992 1298 3024 1345 4

368 1392 712 1455 elocutionis
751 1395 1023 1454 convenit
1045 1395 1286 1454 Latinae
1317 1394 1455 1470 (hoc
1488 1402 1681 1454 autem
1715 1395 2037 1473 frequentia
2077 1395 2215 1454 facit
2243 1394 2450 1473 dactyli
2487 1395 2574 1454 vel
2606 1392 2632 1477 ΙΙ
2662 1397 2956 1475 spondei),

300 1512 351 1553 ιο
373 1501 432 1555 et
474 1504 536 1555 ut
580 1514 763 1573 paene
807 1496 1093 1557 dissoluta
1141 1503 1195 1556 et
1239 1496 1499 1576 pedestri
1544 1496 1834 1557 simillima
1897 1517 2028 1558 esse
2087 1496 2348 1556 videatur
2390 1485 2798 1575 personarum
2836 1517 2960 1558 ser-

367 1596 713 1669 mocinatio,
758 1598 816 1658 id
859 1598 991 1658 illos
1038 1599 1249 1658 secisse
1291 1598 1665 1664 arbitrantur.
1756 1599 2069 1659 trochaicis
2113 1598 2284 1659 etiam
2325 1606 2567 1659 utuntur
2612 1598 2959 1678 plerumque

368 1699 721 1759 tetrametris
766 1700 1156 1772 catalecticis,
1203 1700 1259 1759 id
1307 1708 1396 1760 est
1442 1699 1652 1776 quibus
1699 1719 1813 1759 una
1859 1700 2025 1760 deest
2071 1701 2131 1760 in
2179 1702 2295 1760 tine
2345 1699 2594 1778 syllaba,
2643 1701 2698 1761 in
2745 1701 2960 1778 quibus

368 1820 574 1861 omnes
617 1801 901 1862 iambicos
947 1810 1174 1881 ponunt
1228 1802 1285 1861 in
1342 1821 1709 1880 quocumque
1764 1800 1894 1860 loco
1953 1802 2164 1881 pedeS,
2230 1802 2540 1862 commixto
2598 1809 2794 1863 tamen
2839 1812 2960 1864 tro·

369 1903 570 1963 chaeo.
637 1903 697 1962 in
741 1904 827 1964 eis
871 1903 1213 1982 plerumque
1258 1904 1586 1964 invenimus
1631 1911 1765 1963 ante
1808 1905 1983 1970 tinem
2029 1922 2233 1963 versus
2269 1902 2521 1978 longam.
2593 1911 2732 1962 sunt
2763 1910 2956 1962 tamen

300 2022 350 2069 ιδ,
371 2014 431 2064 et
476 2004 622 2066 ultra
670 2005 930 2082 citraque
974 2013 1342 2066 tetrametros
1393 2005 1479 2066 nsi
1534 2004 1849 2065 trochaico.
1954 2023 2154 2066 eorum
2217 2005 2393 2082 igitur
2443 2004 2703 2083 exempla
2762 2005 2960 2084 prose·
2996 2008 3027 2058 5

368 2126 528 2181 ram;
591 2106 694 2167 sed
743 2107 904 2185 prius
948 2107 1208 2168 metricis
1265 2108 1338 2168 de
1397 2125 1572 2186 snpra
1627 2107 1800 2167 dictis
1860 2106 2076 2186 scripta
2134 2125 2477 2186 proponam.
2563 2106 2960 2168 Terentia-

371 2228 506 2269 nus
553 2207 625 2268 de
669 2208 918 2269 iambico
960 2217 1147 2269 metro

673 2310 1027 2389 culpatur
1071 2319 1317 2371 alitem
1365 2330 1628 2372 versus
1676 2311 1744 2370 in
1795 2311 2210 2388 tragoediis

677 2421 744 2472 et
789 2432 1003 2472 rarus
1044 2413 1286 2472 intrat
1339 2431 1417 2471 ex
1461 2412 1731 2473 iambis
1776 2412 2157 2486 omnibuS‚

300 2533 354 2571 20
679 2513 961 2584 atille,
1011 2521 1272 2574 contra
1319 2514 1437 2591 qui
1491 2516 1830 2575 secundo
1871 2523 1944 2574 et
1990 2514 2277 2575 talibus

676 2615 1049 2694 spondion
1097 2624 1219 2675 aut
1262 2634 1476 2694 quem
1527 2636 1954 2696 comparem
2000 2617 2399 2696 receperit.

679 2717 803 2777 sed
852 2717 976 2795 qui
1019 2717 1427 2796 pedestres
1474 2718 1776 2779 fabulas
1823 2738 2046 2779 socco
2096 2725 2476 2797 premunt,

678 2831 755 2880 ut
796 2838 985 2897 quac
1031 2819 1388 2881 locuntur
1428 2830 1716 2900 sumpta
1761 2822 1848 2880 de
1890 2822 2032 2880 vita
2080 2828 2332 2899 puteS‚

678 2918 951 2981 vitiant
994 2922 1307 2982 iambum
1356 2923 1730 2983 tractibus
1777 2922 2211 3002 spondiacis
2252 2919 2260 2999 Ι

304 3042 355 3080 25
682 3024 864 3084 etin
907 3025 1236 3085 secundo
1287 3033 1354 3084 et
1401 3026 1678 3084 ceteris
1722 3043 1949 3101 aeque
1997 3023 2221 3094 lociS‚

679 3126 1050 3201 side-mque
1093 3126 1301 3185 l'ictis
1345 3126 1503 3185 dum
1551 3133 1962 3205 procurant
2002 3124 2310 3197 fabulis,

677 3228 747 3287 in
803 3233 1031 3288 metra
1080 3238 1399 3305 peccant
1446 3237 1633 3300 arte,
1678 3248 1820 3288 non
1868 3227 2203 3299 inscitia,

682 3349 765 3390 ne
810 3330 959 3389 sint
1004 3349 1273 3390 sonora
1319 3330 1537 3391 verba
1577 3328 2187 3400 consuetudiniS‚

679 3430 1126 3511 paulumque
1178 3450 1437 3493 rursus
1482 3452 1512 3492 a
1556 3431 1828 3493 solutis
1873 3430 2253 3490 disserant.

308 3549 362 3589 30
685 3533 919 3610 magis
969 3533 1109 3591 ista
1156 3535 1428 3594 nostri:
1473 3553 1629 3594 nam
1674 3535 1830 3593 sere
1877 3532 2182 3593 Graecis
2226 3538 2443 3590 tenax

681 3654 856 3696 cura
906 3644 1018 3695 est
1064 3635 1284 3695 iambi
1333 3637 1441 3696 vel
1487 3635 1807 3697 novellis
1853 3633 2160 3694 comicis

682 3737 792 3797 vel
837 3737 958 3814 qui
1009 3737 1080 3798 in
1124 3745 1418 3799 vetusta
1465 3737 1908 3817 praecluent
1953 3734 2348 3797 comoedia.

379 3841 506 3900 vide
543 3840 959 3900 Terentianum
1007 3859 1240 3918 quoqne
1287 3840 1468 3912 scire,
1514 3838 1668 3917 quod
1716 3858 1833 3898 non
1879 3839 2113 3918 penitus
2157 3836 2449 3897 caruerint
2490 3836 2602 3895 hoc
2635 3833 2859 3905 Graeci,
2901 3841 2967 3893 nt

378 3941 664 4002 ‘secundo
709 3949 767 4002 et
807 3941 1042 4002 talibns’
1091 3949 1378 4022 ponerent
1418 3941 1713 4032 spondeos
1759 3940 1846 4000 vel
1892 3940 2182 4018 dactylos,
2232 3939 2387 4017 quod
2425 3936 2681 3999 ostendit
2716 3934 2964 3996 dicendo

521 4215 546 4266 1
590 4216 640 4263 in
682 4214 733 4263 .l.
773 4214 955 4264 iliados
994 4215 1044 4263 B
1078 4230 1089 4263 ε
1118 4212 1183 4262 Il.
1222 4213 1268 4262 Φ
1308 4213 1409 4265 305
1548 4213 1579 4260 2
1620 4202 2068 4276 οὑδὲ-μᾶλλον
2102 4227 2194 4260 om.
2237 4209 2287 4257 B
2441 4199 2529 4272 τὸ]
2568 4224 2628 4258 τε
2666 4207 2822 4258 RVA

380 4284 412 4336 3
446 4286 491 4333 in
532 4282 765 4350 Odyssia]
810 4286 837 4332 1
874 4284 966 4335 391
1085 4287 1115 4334 7
1154 4283 1433 4347 frequentis
1480 4284 1530 4333 V
1632 4282 1666 4331 8
1704 4282 2046 4347 pompalitatis
2085 4294 2118 4336 ς
2224 4275 2360 4343 stilo]
2401 4278 2604 4326 stimulo
2651 4279 2702 4327 V
2785 4277 2848 4325 10
2882 4292 2968 4341 pe·

382 4354 538 4404 destri
575 4354 830 4403 simillima
865 4371 897 4402 a
925 4368 958 4409 ς
996 4354 1406 4418 pedestrisimilla
1434 4352 1587 4403 VAB
1618 4352 1842 4417 pedestri
1878 4351 2064 4400 similia
2089 4350 2135 4399 R
2277 4349 2332 4397 ll
2372 4344 2505 4411 illos]
2539 4347 2611 4394 illi
2644 4347 2691 4395 Β
2805 4348 2866 4397 15
2906 4360 2970 4396 ex

382 4425 513 4474 ultra
556 4426 610 4473 V
778 4432 1067 4474 tetrametro
1113 4436 1145 4480 ς
1293 4422 1355 4473 16
1389 4422 1502 4487 sed]
1546 4423 1589 4472 si
1629 4422 1729 4471 VB
1901 4419 2122 4469 metricis
2161 4418 2310 4473 ΗΑΒ
2345 4418 2516 4465 metris
2564 4418 2618 4465 V
2648 4418 2970 4465 metricorum

382 4495 757 4545 Lindemannus
898 4494 1131 4545 dicuttis
1170 4495 1217 4544 A
1359 4494 1605 4559 scriptura
1644 4494 1698 4541 V
1833 4503 2176 4556 proponamus
2209 4489 2253 4537 R
2380 4483 2729 4551 Terentianus]
2761 4503 2804 4534 υ.
2830 4484 2971 4535 2228

525 4564 587 4616 19
622 4580 686 4614 ex
721 4564 902 4615 iambis
941 4580 1004 4613 ex
1043 4564 1277 4613 omnibus
1326 4564 1379 4612 V
1512 4562 1579 4613 20
1612 4577 1676 4610 ex
1709 4561 1895 4610 talibus
1943 4558 2090 4607 VAB
2210 4558 2265 4607 21
2312 4556 2576 4629 spondeon
2617 4555 2666 4604 A
2793 4555 2861 4605 23
2898 4555 2971 4604 Ιο-

385 4678 605 4731 quantur
647 4667 747 4716 ΑΒ
886 4669 949 4717 de
987 4668 1071 4716 nia
1112 4666 1377 4717 Pulsa-hius
1526 4674 1681 4732 putus
1731 4667 1780 4715 V
1935 4664 2002 4713 24
2037 4656 2298 4723 tractibus]
2345 4634 2496 4738 tra¹eis
2539 4661 2593 4709 V
2727 4658 2970 4738 spondia-

383 4740 455 4788 cis
486 4739 618 4788 Ima
656 4737 950 4802 spondaicis
994 4740 1046 4787 V
1076 4738 1351 4802 spondaeis
1389 4736 1436 4784 Α
1600 4736 1668 4786 26
1704 4741 1983 4801 procurant
2017 4733 2067 4783 Β
2227 4731 2291 4780 27
2331 4730 2530 4778 inscitia
2564 4729 2697 4779 RBa
2751 4730 2972 4777 inscien-

384 4809 454 4857 tia
499 4807 597 4858 VA
774 4809 840 4856 28
879 4822 1063 4858 sonore
1100 4808 1152 4856 B
1320 4807 1388 4857 32
1424 4808 1714 4872 praecluent
1748 4801 1959 4854 RVAB
2004 4799 2317 4867 praepollent
2354 4814 2386 4846 a
2431 4800 2728 4862 praelucent
2764 4813 2796 4854 ς

382 4877 450 4930 33
487 4885 759 4927 caruerunt
796 4877 846 4925 B
880 4885 1122 4927 canerunt
1168 4878 1219 4924 V
1357 4875 1423 4925 34
1462 4885 1510 4924 et
1547 4875 1731 4925 talibus
1768 4888 1802 4930 ς
1841 4889 1905 4921 ex
1939 4871 2125 4922 talibus
2161 4867 2369 4919 RVAB

2445 4954 2568 5016 27*
