3576 5595
548 388 677 481 '526
1621 410 2053 497 [muscum]

654 548 697 588 p.
729 535 842 575 1295.
874 534 925 574 ao
953 533 1000 575 r.
1505 591 1509 595 .
2197 510 2204 517 “
2703 545 2749 586 p.
2779 528 3034 574 avo-7914.

552 607 681 666 trix.
772 605 874 666 sed
923 605 1119 665 omnia
1175 604 1234 664 in
1289 603 1540 682 obliquis
1590 604 1827 675 casibus
1876 603 2303 684 prolducuntur
2339 604 2596 683 exceptis
2637 604 2759 674 bis,
2804 605 2952 664 baec
3001 604 3145 664 salix

553 707 779 781 salicis,
837 707 934 766 bic
990 706 1136 766 calix
1203 705 1419 766 calicis.
1510 725 1581 766 ox
1641 705 1860 784 syllaba
1917 707 2075 766 linita
2122 706 2487 778 breviantur,
2547 715 2609 766 ut
2653 706 2870 766 inselox
2929 706 3143 765 velivox

553 828 691 869 esox
749 818 913 869 atrox
962 808 1156 881 celox,
1216 817 1274 867 et
1317 808 1376 866 in
1433 806 1685 884 obliquis
1729 808 2164 886 producuntur,
2213 816 2278 868 ut
2322 806 2590 867 iul'elocis
2637 807 2908 867 velivocis
2956 807 3146 883 esocis

551 907 767 970 atrocis
808 909 1041 971 celocis.
1085 928 1158 969 ux
1193 908 1411 987 syllaba
1447 908 1610 968 finita
1657 910 2098 988 producuntur,
2146 918 2208 969 ut
2239 908 2440 969 Pollux
2476 909 2751 982 PolluciS,
2789 908 3146 989 pullinurux,

553 1011 933 1072 crurinurux:
982 1011 1267 1090 excipitur
1312 1010 1595 1082 coniunx,
1644 1010 1799 1087 quod
1844 1030 2057 1071 nomen
2098 1012 2225 1072 siue
2271 1030 2308 1070 n
2352 1011 2585 1087 quidam
2631 1011 2879 1090 proferri
2927 1009 3146 1082 volunt,
3173 1037 3197 1074 5

504 1103 508 1107 ⁴
554 1112 685 1190 quia
735 1113 791 1171 in
839 1111 1094 1189 obliquis
1140 1112 1374 1172 casibus
1421 1131 1458 1171 n
1504 1111 1755 1171 litteram
1806 1112 2048 1185 amittit,
2094 1132 2167 1172 ne
2213 1112 2450 1172 verbum
2497 1122 2753 1192 putetur.

454 1232 520 1281 35
728 1214 775 1272 T
830 1213 1020 1273 littera
1083 1213 1386 1273 terminata
1432 1221 1546 1272 tam
1597 1212 1653 1271 iu
1705 1213 1957 1290 obliquis
2014 1215 2248 1274 casibus
2295 1233 2468 1291 quam
2514 1215 2572 1274 in
2619 1213 2974 1275 nominativo
3017 1213 3150 1273 bre-

554 1315 784 1375 viantur
827 1326 885 1375 et
928 1316 1162 1393 generis
1207 1315 1396 1374 neutri
1445 1324 1610 1388 suut,
1658 1324 1721 1375 ut
1755 1315 2012 1394 sinciput
2056 1314 2321 1395 occiput:
2367 1315 2672 1377 Persius

862 1425 932 1476 et
976 1417 1168 1477 fissa
1217 1418 1582 1476 fumosum
1630 1416 1982 1496 sinciput
2027 1436 2217 1478 aure.

724 1519 887 1589 Quae
920 1519 979 1578 in
1011 1519 1156 1579 duas
1188 1526 1581 1579 consonantes
1616 1518 1911 1591 desinunt,
1947 1519 2058 1579 nisi
2091 1520 2207 1579 sint
2237 1519 2527 1598 positione
2562 1517 2729 1595 longa
2770 1527 2868 1578 aut
2907 1519 2964 1578 in
2990 1537 3149 1579 com·
3170 1536 3222 1577 ιο

555 1621 866 1700 positione,
903 1629 1214 1698 antequam
1257 1628 1708 1699 componuntur,
1752 1620 1811 1679 in
1852 1620 2099 1699 simplici
2146 1622 2328 1697 ligura
2372 1620 2817 1699 productionem
2863 1620 2971 1681 sibi
3026 1638 3152 1679 ser-

558 1732 709 1795 vant,
736 1731 799 1782 ut
833 1722 1048 1782 cedens
1074 1721 1444 1781 intercedens
1476 1729 1533 1780 et
1556 1722 1816 1781 clamans
1848 1721 2241 1788 conclamans,
2269 1730 2460 1781 cetera
2492 1721 2684 1781 omnia
2710 1721 3061 1794 breviantur,
3089 1728 3152 1781 ut

557 1824 930 1904 omnipotens
973 1824 1357 1903 plenipoteus.
1387 1823 1745 1902 armipotens
1778 1822 2039 1883 audiens.
2080 1819 2091 1905 Ι
2133 1824 2357 1883 ethaeo
2389 1823 2581 1883 omnia
2613 1832 2728 1882 tam
2760 1823 2929 1900 longa
2972 1840 3148 1900 quam

559 1935 826 2005 correpta
874 1926 932 1985 in
976 1924 1262 2008 oblillquis
1298 1924 1721 2005 producuntur,
1752 1924 1886 2001 quia
1925 1934 2157 1985 servant
2187 1925 2556 2004 positionem.
2607 1924 2966 2002 excipiuntur
3005 1924 3150 1983 haec

559 2046 705 2105 quae
733 2047 849 2088 non
875 2026 1093 2086 babent
1118 2047 1173 2100 n,
1192 2036 1254 2086 ut
1278 2025 1511 2087 caelebs
1535 2024 1794 2098 caelibis,
1813 2026 2005 2105 inopis
2032 2026 2246 2105 inopis,
2268 2025 2448 2105 adeps
2472 2026 2679 2105 adipiS,
2705 2026 2894 2085 biems
2917 2025 3144 2085 hiemis·
3169 2046 3219 2086 15

390 2141 463 2191 1v
494 2146 562 2199 36
735 2129 973 2206 Regulis
1024 2136 1373 2188 accentuum
1431 2126 1685 2187 nominis
1744 2127 2024 2205 expositis
2081 2126 2418 2207 tractandus
2472 2135 2562 2186 est
2615 2136 2893 2186 accentus
2948 2126 3045 2205 qui
3090 2126 3149 2186 in
3273 2106 3277 2119 ¹

558 2230 752 2291 verbis
792 2231 1162 2302 observatur,
1213 2228 1310 2306 qui
1359 2229 1531 2289 etiam
1580 2229 1756 2289 certis
1805 2229 2170 2289 deliniendos
2218 2237 2306 2288 est
2350 2227 2585 2305 regulis.
2677 2229 2945 2287 universa
2995 2227 3148 2287 enim

560 2332 732 2393 verba
786 2332 1213 2409 coniugationis
1259 2330 1512 2409 primae,
1562 2348 1711 2406 quae
1758 2330 1816 2388 in
1865 2330 2121 2389 secunda
2167 2348 2416 2410 persona
2471 2349 2536 2388 as
2582 2329 2800 2408 syllaba
2847 2330 3148 2400 finiuntur,

563 2433 769 2514 [quae]
831 2452 965 2493 cum
1018 2434 1075 2492 in
1136 2432 1448 2510 trisyllabis
1506 2440 1563 2491 et
1625 2431 2011 2509 tetrasyllabis
2067 2432 2331 2505 veniunt,
2396 2430 2451 2489 in
2496 2430 2867 2511 paenultimis
2914 2430 3150 2508 syllabis

560 2554 669 2614 per
712 2554 916 2596 omnes
954 2534 1160 2595 modos
1209 2533 1583 2613 producenda
1631 2542 1800 2606 sunt,
1859 2540 1924 2592 ut
1982 2551 2112 2591 amo
2168 2551 2329 2591 amas
2385 2532 2648 2592 amabam
2708 2533 2925 2593 amavi:
2993 2532 3218 2592 cxci-20

562 2636 719 2716 pitur
775 2635 1151 2716 praeteritum
1207 2635 1846 2714 plusquamperfectum
1904 2634 2226 2706 indicativi,
2275 2636 2430 2711 quod
2479 2635 2669 2694 solum
2713 2634 3035 2706 breviatur,
3085 2640 3150 2692 ut

561 2756 922 2811 amaveram,
966 2744 1023 2795 et
1066 2738 1323 2796 futurum
1373 2736 1633 2796 eiusdem
1676 2734 1832 2796 modi
1885 2734 1942 2793 in
2003 2736 2206 2816 primis
2251 2744 2308 2795 et
2364 2736 2641 2796 secundis
2703 2736 2974 2816 personis
3001 2714 3150 2814 *plu-

562 2841 813 2914 ralibuS,
878 2841 1044 2900 cuius
1112 2838 1438 2918 exemplum
1510 2839 1624 2900 hoc
1689 2846 1806 2911 est,
1882 2836 2088 2897 amabo
2159 2838 2380 2898 amabis
2451 2839 2669 2898 amabit
2734 2848 2791 2897 et
2851 2820 3151 2917 pluraliter

462 2955 527 3005 37
564 2941 889 3003 amabimus
933 2941 1195 3002 amabitis
1242 2940 1537 3000 amabunt.
1629 2939 1701 2999 ab
1748 2939 1841 3000 bis
1891 2958 2140 3017 namque
2186 2939 2405 3016 regulis
2449 2949 2662 3001 exeunt
2712 2959 2950 3011 novem,
3000 2956 3149 3016 quae

561 3045 621 3106 in
662 3043 717 3105 ui
767 3040 1039 3126 imittunt
1070 3043 1444 3121 praeteritum
1489 3042 1833 3121 perfectum,
1868 3059 2016 3118 quae
2048 3043 2370 3120 perfectum
2410 3051 2467 3101 et
2509 3041 3143 3120 plusquamperfectum
3163 3057 3216 3096 25

564 3156 621 3206 et
666 3146 883 3226 primas
930 3154 987 3204 et
1035 3145 1326 3204 secundas
1374 3162 1660 3222 personas
1717 3142 1895 3202 futuri
1942 3142 2235 3201 indicativi
2283 3143 2635 3222 corripiunt,
2689 3152 2881 3202 cetera
2935 3142 3151 3222 produ·

565 3256 811 3321 cuntur,
853 3256 917 3307 ut
954 3266 1091 3307 seco
1139 3265 1304 3306 secas
1354 3245 1624 3305 secabam
1672 3244 1885 3305 secabo
1932 3243 2126 3317 secui,
2166 3243 2339 3304 domo
2387 3243 2590 3303 domas
2633 3244 2960 3317 domabam,
3007 3243 3150 3304 frico

564 3352 740 3410 fricas
787 3348 1097 3421 fricabam,
1142 3356 1271 3407 veto
1312 3355 1471 3406 vetas
1516 3346 1814 3420 vetabam,
1858 3365 2004 3406 sono
2041 3365 2217 3405 sonas
2251 3346 2562 3419 sonabam,
2600 3354 2741 3408 tono
2786 3357 2954 3407 tonas
2988 3354 3152 3405 tona-

565 3451 731 3524 bam,
777 3451 927 3510 mico
964 3449 1148 3509 micas
1194 3449 1509 3520 micabam,
1552 3467 1728 3526 crepo
1778 3466 1988 3526 crepas
2033 3448 2373 3526 crepabam,
2419 3448 2572 3527 plico
2618 3448 2800 3527 plicas
2839 3447 3147 3527 plicabam.

569 3562 759 3612 tamen
797 3551 1038 3611 annexis
1084 3549 1615 3628 praepositionibus
1650 3557 1931 3627 praese‘us
1975 3549 2298 3622 breviatur,
2341 3550 2493 3626 quod
2540 3549 2596 3609 in
2631 3550 2931 3629 disyllabis
2978 3548 3223 3622 veniam

569 3655 677 3714 nisi
725 3653 1014 3733 positione
1042 3663 1140 3711 aut
1169 3660 1373 3711 natura
1419 3651 1547 3730 ipsa
1593 3650 1764 3710 verba
1804 3651 2085 3729 producta
2133 3660 2300 3723 sunt,
2348 3661 2411 3710 ut
2454 3671 2661 3731 reparo
2700 3670 2904 3711 reseco
2937 3669 3150 3710 resono

469 3765 535 3816 38
570 3755 807 3835 replico.
900 3761 1132 3814 notatur
1190 3770 1473 3829 namque,
1523 3752 1676 3828 quod
1743 3752 1897 3831 plico
1943 3751 2124 3832 plicas
2171 3753 2544 3832 praeteritum
2593 3752 2766 3832 plicui
2813 3752 2902 3812 vel
2947 3751 3150 3831 plicavi

570 3858 725 3918 facit.
815 3863 1095 3933 quattuor
1141 3855 1213 3914 ab
1260 3855 1368 3913 liae
1414 3862 1625 3914 exeunt.
1671 3853 1900 3931 regula,
1963 3864 2053 3913 sto
2101 3854 2173 3914 do
2220 3854 2345 3913 lavo
2406 3853 2568 3927 iuvo,
2616 3873 2765 3932 quae
2809 3873 2941 3913 cum
2991 3871 3154 3913 com-

571 3968 886 4040 ponuntur,
935 3959 1088 4018 sicut
1125 3957 1182 4017 in
1229 3955 1619 4034 simplicitate,
1658 3956 1672 4036 Ῑ
1710 3974 1902 4032 nequo
1947 3957 2005 4015 iu
2052 3956 2137 4014 avi
2185 3974 2374 4032 neque
2421 3956 2479 4015 iu
2527 3954 2583 4014 ui
2631 3963 2842 4015 exeunt
2886 3957 3152 4024 sormam,

572 4072 634 4122 ut
687 4069 845 4121 resto
901 4059 1087 4120 restiti
1145 4058 1472 4117 restiteram
1534 4057 1888 4118 restabimus
1959 4057 2252 4117 restabitis
2307 4057 2641 4130 restabunt,
2695 4056 2873 4116 reddo
2928 4055 3220 4116 reddidi³5

711 4199 742 4245 2
781 4206 832 4255 ut
874 4196 1029 4245 fellox
1069 4197 1230 4254 (corr.
1269 4203 1321 4241 ut
1364 4193 1600 4251 iusellox)
1648 4194 1851 4241 ueliuox
1893 4209 1991 4241 uox
2030 4201 2174 4242 atrox
2210 4193 2354 4241 celox
2389 4192 2432 4240 G
2476 4191 2626 4239 uelox
2664 4207 2789 4241 esox
2827 4203 2972 4242 atrox
3009 4192 3151 4241 celox

572 4268 744 4317 eliuox
781 4268 948 4316 codex
974 4265 1252 4313 Burmanni
1291 4275 1344 4312 ut
1382 4263 1571 4310 u‹·lifox
1605 4273 1751 4318 atrox
1787 4265 1930 4312 celox
1965 4278 2000 4317 ς
2139 4264 2171 4312 3
2211 4273 2262 4310 ιιι
2297 4262 2526 4310 iul'eloeis
2562 4264 2753 4324 (esocis
2791 4264 2870 4322 H)
2908 4262 3154 4311 ueliuocis

572 4337 703 4401 quod
736 4334 958 4400 scaphon
999 4334 1145 4383 nauis
1181 4332 1434 4397 siguificat
1459 4374 1470 4384 .
1500 4347 1566 4379 ux
1608 4332 1707 4383 Gli
1743 4343 1796 4381 ut
1823 4333 2053 4380 uelii‘oeis
2080 4333 2265 4381 atrocis
2302 4332 2483 4379 celocis
2506 4366 2517 4377 .
2544 4346 2612 4378 ux
2646 4345 2678 4386 ς
2817 4333 2849 4381 4
2887 4342 2942 4381 ιιι
2980 4332 3155 4396 pullux

573 4405 788 4472 pullueis
825 4405 881 4452 H
918 4420 929 4452 :
970 4413 1022 4452 ut
1060 4403 1225 4451 collux
1275 4403 1346 4450 cis
1393 4411 1575 4450 uutrux
1624 4403 1884 4450 munitrux
1921 4403 2086 4450 codex
2119 4402 2403 4451 Burmanni
2447 4409 2499 4449 ut
2537 4401 2694 4465 polux
2730 4416 2914 4450 murux
2953 4403 3157 4466 reliqu&

573 4477 770 4524 omissis
806 4474 970 4523 codex
1007 4474 1360 4535 Groninymms
1400 4481 1453 4518 ut
1488 4471 1761 4536 poliuurux
1793 4473 2057 4520 ratium-ux
2089 4472 2244 4537 polux
2283 4485 2316 4527 ς
2490 4469 2524 4519 8
2561 4470 2788 4535 Persius]
2827 4475 2877 4528 ὅ,
2917 4473 2983 4522 70

579 4545 642 4595 19
681 4559 808 4606 quae
852 4552 969 4605 post
1004 4545 1246 4590 finiuntur
1282 4558 1372 4593 om.
1396 4557 1427 4596 ς
1570 4541 1621 4588 iu
1660 4542 1975 4605 trissyllabas
2015 4534 2060 4589 et
2093 4541 2445 4604 tetrasyllabos
2483 4541 2541 4589 H
2676 4542 2735 4588 21
2780 4541 3034 4589 indicativi
3063 4555 3154 4588 om.

579 4614 711 4667 6115
851 4614 918 4660 22
955 4612 1178 4660 eiusdem
1217 4610 1474 4660 iudicatiui
1513 4611 1563 4658 iu
1597 4612 1696 4660 GII
1837 4613 1903 4659 2¹5
1934 4627 2061 4674 quac
2097 4612 2373 4674 perfeetum
2398 4625 2489 4662 om.
2533 4609 2638 4658 GH
2793 4611 2861 4659 ⁶26
2899 4610 3156 4659 indit-atini

577 4682 802 4730 eiusdem
838 4679 975 4726 modi
1017 4681 1294 4745 corripiunt
1344 4693 1395 4728 ut
1439 4695 1554 4728 seco
1593 4695 1734 4730 secas
1782 4697 1949 4730 secam
1999 4682 2180 4729 secabo
2233 4680 2368 4728 secui
2420 4694 2584 4728 cetera
2624 4680 2969 4742 producuntur
3006 4681 3156 4728 domo

579 4750 754 4796 domas
794 4751 908 4794 bam
952 4749 1164 4796 domabo
1192 4751 1422 4798 domabis
1456 4749 1579 4797 frico
1613 4750 1764 4798 fricas
1804 4751 1915 4798 bam
1956 4751 2146 4799 srirabo
2180 4749 2385 4798 fricabis
2415 4750 2485 4796 bit
2526 4759 2639 4796 ueto
2667 4749 2722 4796 H
2757 4749 3015 4798 iudicatiui
3046 4765 3154 4798 eor-

579 4818 765 4880 ripiuut
806 4825 859 4861 ut
897 4829 1011 4862 seco
1052 4832 1194 4866 secas
1232 4820 1464 4866 secabant
1497 4820 1709 4867 secabo.
1738 4829 1902 4867 vetera
1940 4821 2286 4885 producuntur
2316 4828 2369 4866 ut
2399 4819 2547 4866 domo
2577 4819 2756 4866 domas
2789 4819 3055 4867 domabam
3093 4818 3157 4867 bo

579 4885 656 4932 bis
694 4885 761 4931 bit
789 4883 917 4931 frico
952 4884 1190 4934 srieabam
1229 4888 1291 4935 bo
1329 4888 1406 4935 bis
1443 4888 1511 4936 bit
1537 4897 1651 4935 ueto
1692 4890 1734 4936 G
