3576 5595
876 440 1372 502 PARTl'rloNES
1420 440 1524 500 xll
1566 440 1774 501 VERS.
1817 440 1985 500 AEN.
2033 440 2092 499 V.
2148 450 2435 505 loo—107
2846 439 2969 502 483

477 569 521 609 p.
554 556 754 597 12⁴5—47
777 555 820 598 P.
2542 567 2583 608 p.
2612 556 2702 595 315.
2734 556 2781 596 to
2811 555 2865 598 Κ.

372 645 535 689 sona.
628 626 891 698 Qualitas
950 626 1253 687 verborum
1298 626 1357 686 in
1402 644 1518 704 quo
1564 624 1695 686 est?
1781 625 1846 685 ln
1891 625 2081 685 modis
2126 634 2184 686 et
2224 625 2283 685 in
2335 626 2557 687 formis.
2649 627 2829 688 Cuius
2874 635 2965 688 est
3008 634 3103 689 103

374 728 573 789 modi?
653 726 979 801 ludicativi,
1039 729 1261 788 formae
1324 728 1654 807 perfectae,
1717 725 2146 804 coniugationis
2193 728 2516 801 secundae,
2563 727 2796 808 generis
2845 728 2964 788 sive

375 830 821 907 significationis
866 829 1120 902 activae,
1160 829 1384 890 numeri
1427 828 1773 906 singulariS,
1819 829 2040 906 figurae
2079 826 2087 907 Ι
2129 827 2438 907 simplicis,
2484 828 2765 908 temporis
2798 848 2966 908 prae-

373 932 529 992 teriti
575 931 932 1011 imperfecti,
976 949 1267 1010 personae
1296 930 1521 990 tertiae.
1599 929 1854 992 Declina.
1926 929 2237 991 ludicativo
2273 930 2446 991 modo
2492 940 2755 1010 tempore
2795 950 2964 1010 prae·
3007 935 3100 988 tot

324 1055 347 1093 5
376 1034 526 1094 senti
575 1041 748 1093 teneo
772 1079 788 1106 ,
826 1031 1143 1111 praeterito
1185 1032 1529 1111 imperfecto
1573 1031 1875 1104 tenebam,
1913 1027 2227 1110 praeterito
2266 1033 2527 1110 perfecto
2566 1032 2746 1106 tenui,
2797 1051 2968 1112 prae-

373 1135 544 1196 terito
604 1134 1176 1213 plusquamperfecto
1230 1142 1553 1214 tenueram,
1604 1134 1800 1194 futuro
1846 1131 2099 1206 teneb03
2158 1132 2494 1211 imperativo
2542 1133 2715 1194 modo
2761 1136 2829 1194 ad
2874 1152 2968 1195 se-

374 1236 626 1297 cundam
687 1243 744 1295 et
805 1236 1037 1295 tertiam
1091 1252 1406 1313 personam
1470 1234 1750 1313 temporis
1811 1234 2136 1314 praesentis
2185 1242 2317 1293 tene
2375 1242 2630 1320 teneat„
2663 1244 2966 1296 teneamus

373 1346 569 1398 tenete
616 1345 884 1410 teneant,
924 1336 1101 1397 futuri
1136 1343 1331 1396 teneto
1367 1344 1463 1408 tu,
1509 1343 1705 1396 teneto
1750 1331 1912 1417 ilsslle,
1962 1343 2247 1402 tenetote,
2286 1344 2524 1397 teneant
2562 1336 2650 1397 vel
2692 1343 2966 1413 tenento;

374 1437 626 1518 optativo
674 1439 848 1499 modo
902 1446 1165 1517 tempore
1215 1436 1509 1516 praesenti
1566 1448 1624 1497 et
1669 1436 1982 1516 praeterito
2025 1438 2366 1517 imperfecto
2407 1437 2629 1497 utinam
2678 1446 2959 1512 tenerem,
3004 1451 3102 1504 105

309 1567 357 1608 ιο
375 1541 694 1620 praeterito
756 1540 1016 1618 perfecto
1074 1546 1133 1598 et
1188 1538 1763 1618 plusquamperfecto
1810 1539 2029 1599 utinam
2080 1537 2443 1612 tenuissem,
2501 1539 2697 1600 futuro
2744 1540 2963 1600 utinam

375 1651 639 1717 teneam3
696 1640 1064 1702 subiunctivo
1123 1639 1294 1700 modo
1349 1647 1612 1719 tempore
1669 1640 1964 1719 praesenti
2021 1659 2154 1701 cum
2203 1649 2462 1715 teneam,
2503 1642 2815 1720 praeterito
2852 1641 2962 1718 ,im-

375 1745 638 1823 perfecto
695 1762 830 1803 cum
877 1751 1169 1813 tenerem,
1227 1739 1542 1819 praeterito
1582 1742 1844 1820 perfecto
1892 1760 2022 1803 cum
2070 1741 2390 1816 tenuerim,
2443 1743 2757 1822 praeterito
2801 1742 2965 1823 plus-

377 1844 814 1923 quamperfecto
858 1863 989 1904 cum
1033 1841 1388 1914 tenuissem,
1436 1842 1629 1903 futuro
1669 1861 1800 1902 cum
1848 1850 2122 1917 tenuero;
2168 1842 2447 1905 infinitivo
2484 1844 2659 1905 modo
2704 1845 2963 1906 numeris

375 1955 432 2006 et
491 1947 760 2026 personis
818 1954 1080 2024 tempore
1137 1943 1430 2024 praesenti
1490 1952 1548 2004 et
1594 1944 1906 2022 praeterito
1961 1945 2303 2024 imperfecto
2363 1953 2592 2019 tenere,
2655 1946 2966 2026 praeterito

313 2077 356 2115 15
376 2049 638 2127 perfecto
680 2055 738 2110 et
767 2045 1341 2125 plusquamperfecto
1380 2045 1672 2118 tenuisse,
1702 2046 1917 2106 'futuro
1954 2053 2176 2106 tentum
2222 2046 2306 2107 ire
2352 2047 2438 2107 vel
2470 2053 2765 2116 tenturum
2812 2067 2962 2108 esse.

376 2149 590 2210 dicitur
635 2157 828 2212 tamen
876 2155 934 2207 et
976 2165 1006 2206 a
1047 2146 1222 2208 tendo
1267 2147 1460 2207 tendis
1508 2155 1730 2206 tentum
1769 2147 1856 2207 ire
1899 2147 1986 2207 vel
2036 2155 2328 2209 tenturum
2377 2168 2527 2210 esse.
2619 2149 2721 2209 sed
2763 2148 2820 2228 in
2866 2149 2965 2210 illo

376 2250 548 2310 etiam
609 2259 839 2309 tensum
886 2249 971 2308 ire
1018 2249 1101 2309 vel
1151 2255 1455 2309 tensurum
1500 2267 1632 2309 esse
1692 2267 2014 2328 possumus
2058 2247 2283 2324 dicere,
2337 2251 2393 2311 in
2441 2251 2553 2310 hoc
2599 2259 2792 2312 autem
2838 2259 2967 2312 ten-

373 2359 498 2412 tum
548 2351 634 2412 ire
693 2349 776 2410 vel
835 2359 1131 2410 tenturum
1191 2369 1322 2431 esse
1379 2350 1708 2428 dumtaxat;
1765 2357 1823 2410 et
1879 2349 2148 2411 similiter
2205 2351 2264 2411 in
2324 2350 2597 2413 omnibus
2653 2369 2802 2430 quae
2862 2372 2966 2431 per

374 2452 778 2513 huiuscemodi
834 2471 1009 2512 voces
1064 2451 1456 2531 participiales
1519 2452 1917 2531 proferuntur.
2011 2457 2150 2511 sunt
2211 2460 2405 2512 autem
2464 2451 2670 2534 supina
2729 2454 2846 2514 ‹luo
2907 2463 2962 2515 et

303 2555 663 2617 wintinitum
730 2554 941 2628 futuri,
991 2573 1102 2615 nec
1155 2572 1271 2612 non
1317 2553 1487 2614 etiam
1535 2553 1914 2632 praeteritum
1962 2562 2019 2613 et
2066 2552 2353 2615 infinitum
2389 2555 2566 2617 futuri
2619 2555 2676 2616 in
2719 2555 2963 2636 passivis

377 2664 435 2716 et
480 2656 704 2716 infinita
747 2655 1258 2734 impersonalium,
1301 2672 1450 2732 quae
1496 2653 1703 2715 similia
1752 2663 1889 2715 sunt
1933 2653 2215 2734 passivis,
2266 2663 2490 2717 tentum
2531 2675 2663 2718 esse
2710 2656 2794 2717 vel
2840 2664 2967 2718 ten·

377 2768 499 2819 tum
550 2758 731 2819 fuisse
784 2768 840 2817 et
897 2766 1128 2847 tensum
1189 2774 1321 2817 esse
1377 2756 1465 2818 vel
1521 2765 1750 2817 tensum
1811 2755 2023 2829 fuisse,
2083 2764 2305 2818 tentum
2367 2757 2435 2819 iri
2483 2766 2541 2819 et
2584 2766 2816 2819 tensum
2874 2756 2959 2820 iri.
3004 2770 3101 2824 too

377 2859 541 2929 Quae
587 2859 915 2919 differentia
959 2868 1050 2920 est
1094 2860 1248 2919 inter
1296 2858 1517 2918 infinita
1561 2857 1773 2937 passivi
1823 2864 1880 2918 et
1923 2857 2375 2938 impersonalis?
2465 2859 2610 2930 Quia
2672 2858 2964 2939 passivum

375 2960 552 3020 verbo
610 2970 742 3038 eget
789 2960 1219 3032 tantummodo,
1269 2968 1332 3021 ut
1379 2959 1592 3019 ‘amari
1640 2960 1841 3023 volo':
1885 2960 2134 3021 ostendo
2171 2961 2325 3022 enim
2380 2960 2496 3041 pati
2548 2979 2641 3021 me
2687 2959 2830 3020 velle
2863 2959 2967 3022 ali·-

305 3085 356 3124 25
375 3060 512 3138 quid
558 3060 630 3121 ab
676 3060 807 3120 alio.
900 3060 1310 3141 impersonalis
1358 3080 1492 3121 vero
1538 3061 1827 3143 infinitum
1869 3080 1985 3122 non
2027 3061 2215 3123 solum
2268 3061 2477 3135 verbo,
2527 3069 2729 3141 utpote
2775 3062 2961 3123 influi-

377 3172 530 3235 tum,
586 3162 688 3222 sed
743 3163 917 3222 etiam
973 3158 1131 3222 certa
1192 3162 1381 3240 aliqua
1429 3181 1679 3241 persona
1737 3163 1857 3224 sive
1915 3183 2023 3243 per
2067 3182 2389 3242 pronomen
2437 3162 2557 3224 sive
2608 3180 2713 3241 per
2752 3181 2963 3224 nomeu

341 3274 538 3342 eget,
585 3271 787 3343 utpote
844 3263 1255 3342 impersonale.
1349 3264 1398 3323 si
1449 3264 1605 3324 enim
1654 3263 1842 3327 dicam
1891 3264 2105 3326 ‘amari
2163 3283 2192 3324 a
2242 3283 2336 3324 nie
2383 3263 2567 3337 volo',
2617 3282 2722 3343 pro
2768 3283 2966 3325 amare

374 3365 692 3444 accipitur,
739 3366 892 3442 quod
940 3373 1030 3424 est
1074 3366 1343 3426 activum.
1415 3366 1808 3444 impersonale
1854 3366 2006 3427 enim
2048 3384 2280 3445 semper
2323 3365 2566 3426 activam
2616 3364 2726 3426 vim
2768 3365 2963 3426 habet.

375 3466 657 3544 gerundia
719 3465 952 3526 tenendi
1009 3467 1265 3527 tenendo
1333 3468 1651 3547 tenendum
1723 3476 1947 3528 tentum
2011 3474 2189 3529 tentu.
2274 3466 2580 3547 participia
2639 3465 2876 3528 veniunt
2932 3488 2963 3529 a

306 3587 359 3626 30
382 3568 557 3628 verbo
604 3567 790 3627 activo
839 3566 988 3632 duo,
1047 3569 1374 3647 praesentis
1426 3569 1709 3649 temporis
1756 3577 1814 3628 et
1855 3570 2064 3643 futuri,
2128 3568 2453 3647 praesentis
2498 3576 2738 3641 tenens,
2788 3570 2963 3630 futuri

375 3678 662 3729 tenturus.
752 3667 988 3729 Declina
1052 3668 1227 3729 etiam
1300 3670 1614 3749 passivum.
1717 3670 2033 3731 indicativo
2090 3670 2264 3730 modo
2328 3678 2593 3749 tempore
2666 3670 2959 3751 praesenti
3010 3681 3104 3732 107

373 3779 617 3841 teneor,
674 3770 988 3849 praeterito
1043 3770 1391 3849 imperfecto
1440 3771 1713 3845 tenebar,
1776 3771 2096 3852 praeterito
2141 3772 2399 3851 perfecto
2448 3779 2645 3833 tentus
2701 3790 2828 3833 sum
2879 3770 2964 3833 vel

375 3880 573 3932 tentus
637 3871 753 3943 fui,
817 3872 1132 3951 praeterito
1199 3871 1778 3953 plusquamperfecto
1851 3881 2047 3933 tentus
2107 3892 2263 3934 eram
2323 3872 2411 3934 vel
2465 3882 2662 3934 tentus
2719 3874 2964 3945 fueram,

376 3975 570 4034 futuro
601 3972 886 4048 tenebor3
932 3972 1274 4052 imperativo
1306 3974 1481 4035 modo
1526 3983 1792 4054 tempore
1826 3974 2118 4054 praesenti
2164 3974 2234 4034 ad
2283 3974 2601 4036 secundam
2635 3982 2691 4035 et
2734 3974 2963 4036 tertiam

303 4098 355 4138 ss
375 4060 690 4155 personafn
737 4083 937 4135 tenere
981 4082 1278 4146 teneatur,
1321 4083 1626 4136 teneamur
1664 4076 1941 4136 tenemini
1985 4084 2320 4147 teneantur,
2370 4078 2563 4138 futuro
2608 4084 2837 4137 tenetur
2882 4070 3001 4149 tu‚'

373 4184 601 4236 tenetor
639 4174 767 4249 ille,
816 4174 1145 4237 teneminor
1173 4184 1484 4236 teneantur
1516 4175 1601 4237 vel
1641 4185 1946 4252 teneut0r3
1992 4177 2247 4256 optativo
2274 4178 2447 4238 modo
2492 4186 2757 4258 tempore
2796 4196 2967 4260 prae·

373 4278 525 4338 senti
570 4286 627 4337 et
671 4278 990 4357 praeterito
1035 4276 1380 4357 imperfecto
1424 4277 1644 4337 utinam
1692 4287 1954 4351 tenerer,
2003 4278 2351 4362 praeteriljto
2385 4280 2648 4358 perfecto
2697 4287 2754 4340 et
2803 4279 2960 4360 plus·

372 4380 808 4458 quamperfecto
850 4380 1071 4462 utinam
1106 4388 1300 4439 tentus
1342 4397 1535 4440 essem
1567 4379 1652 4438 vel
1684 4386 1882 4440 tentus
1928 4378 2201 4451 fuissem,
2251 4380 2445 4439 futuro
2478 4380 2696 4441 utinam
2732 4387 2962 4445 teneura

372 4480 741 4541 subiunctivo
786 4481 958 4541 modo
992 4488 1258 4560 tempore
1303 4480 1599 4560 praesenti
1631 4499 1762 4541 cum
1812 4490 2041 4551 tenear,
2089 4480 2403 4559 praeterito
2451 4480 2795 4561 imperfecto
2832 4500 2964 4542 cum

301 4599 353 4638 «to
375 4589 634 4656 tenerer,
691 4582 1007 4661 praeterito
1066 4583 1329 4661 perfecto
1386 4600 1519 4643 cum
1566 4588 1760 4643 tentus
1826 4582 1939 4643 sim
1987 4581 2073 4642 vel
2120 4591 2316 4643 tentus
2364 4581 2605 4657 fuerim,
2654 4580 2968 4663 praeterito

508 4835 577 4889 20
625 4836 774 4889 etiam
814 4837 1098 4905 inperatiuo
1146 4848 1196 4887 et
1233 4837 1405 4887 futuro
1442 4836 1624 4887 infiniti
1675 4837 1899 4903 passienis
1937 4838 1981 4887 0
2015 4836 2163 4885 etium
2204 4838 2528 4900 praeteritum
2568 4838 2617 4887 in
2659 4837 2883 4905 pus-iuis
2929 4837 2968 4886 S

369 4910 521 4958 etiam
560 4910 610 4957 in
644 4910 871 4975 passiuis
911 4908 954 4955 G
1094 4907 1161 4959 35
1206 4908 1444 4957 tenemini
1476 4908 1519 4955 S
1556 4908 1834 4956 tenuemini
1862 4907 1913 4956 C
1948 4905 2217 4955 teneamini
2258 4906 2302 4957 0

2428 4988 2561 5055 31·
