3576 5595
592 407 714 472 166
1583 409 1956 472 PRlSCIANI
1997 410 2184 472 lNST.

695 540 735 579 r·
770 527 879 569 ¹⁰8³·
909 528 957 567 8⁴
990 526 1031 569 Ρ.
2789 540 2831 581 p.
2859 530 2926 572 aa.
2950 530 3000 571 οι
3026 529 3077 571 κ.

594 610 865 672 ίὶΙὶιιιιι’.·
929 625 1062 668 cum
1122 606 1199 666 sit
1254 606 1407 668 enim
1468 604 1804 678 relativum,
1875 603 2078 681 exigit,
2133 610 2197 663 ut
2258 605 2423 685 prius
2479 617 2873 685 cognoscatur
2931 630 3186 690 persona

594 712 960 795 possessoris
1010 711 1132 783 sui,
1169 709 1242 771 atl
1282 728 1456 788 quam
1504 711 1806 770 reseratur.

764 816 840 876 Et
885 814 1225 883 sciendum,
1283 813 1438 891 quocl
1483 813 1675 873 omnia
1733 813 1841 873 ista
1889 814 2221 893 possessiva
2271 813 2637 893 possessoris
2691 815 2924 893 quidem
2982 835 3190 895 perso·

597 937 732 980 nam
775 917 1103 979 secundum
1147 915 1500 995 primitivum
1548 916 1912 992 significant,
1971 916 2271 996 possessio
2321 935 2457 977 vero
2514 917 2639 995 ipsa
2682 919 2886 979 tertiae
2922 928 3010 979 est
3056 938 3191 998 per-

599 1039 811 1093 sonae,
857 1028 923 1080 ut
966 1021 1191 1092 ‘meus,
1239 1026 1405 1091 tnuS,
1452 1023 1642 1092 suus’‚
1688 1019 1984 1095 quomodo
2030 1028 2088 1078 et.
2129 1018 2397 1093 nomina,
2441 1016 2689 1100 quillbus
2729 1020 3184 1098 coniunguntur,
3220 1038 3248 1074 5

601 1129 665 1183 ut
719 1123 922 1197 ‘meus
965 1128 1163 1200 pater,
1220 1129 1357 1181 tuus
1404 1120 1623 1193 tilius’‚
1681 1130 1926 1199 excepto
1970 1122 2263 1193 vocativo,
2327 1121 2423 1199 qui
2478 1120 2639 1182 solus
2684 1122 2742 1182 in
2791 1122 3014 1201 primae
3057 1142 3192 1202 per-

602 1243 781 1285 sonae
817 1223 1168 1303 possessivis
1207 1222 1527 1295 invenitur,
1582 1242 1715 1283 cum
1758 1222 2050 1283 secundae
2088 1222 2394 1302 copulatur
2439 1241 2757 1303 personae,
2821 1234 2884 1285 ut
2928 1225 3016 1285 mi
3062 1244 3193 1304 pa-

472 1322 571 1373 110
608 1334 752 1398 ter,
799 1334 1020 1386 o·mea
1070 1333 1173 1398 tu,
1216 1345 1251 1385 o
1298 1333 1563 1385 noster
1602 1326 1981 1385 Chremes,
2072 1325 2264 1386 omnia
2310 1333 2501 1386 tamen
2543 1328 2873 1405 possessiva
2913 1327 2970 1386 in
3015 1345 3193 1403 gene·

478 2653 575 2704 111

603 1428 753 1489 tivos
800 1427 1223 1506 primitivorum
1272 1427 1445 1487 etiam
1487 1427 1680 1488 verbis
1728 1427 1946 1487 soc-iata
1990 1440 2241 1506 possunt
2275 1427 2520 1500 resolvi,
2565 1436 2630 1489 ut
2674 1428 2949 1488 ‘amicum
2996 1447 3189 1489 meum

602 1534 851 1590 moneo'
904 1514 1012 1609 pro
1058 1528 1343 1590 ‘amicum
1394 1529 1576 1601 mei’,
1637 1538 1695 1589 et.
1747 1529 2147 1589 ‘Euandrium
2195 1529 2377 1589 lilium
2422 1530 2656 1591 Turnus
2712 1530 3035 1590 interfecit'
3085 1550 3194 1610 pro
3231 1542 3284 1582 ¹⁰

606 1631 891 1691 ‘Euandri
933 1630 1160 1703 filium‘,
1204 1639 1261 1690 et
1306 1629 1590 1691 ‘Daunius
1636 1630 1790 1692 tilius
1831 1631 1902 1691 ab
1947 1632 2138 1692 Aenea
2185 1631 2370 1691 victus
2413 1635 2525 1691 est'
2574 1651 2681 1711 pro
2718 1631 2930 1693 ‘Dauni
2978 1633 3193 1708 lilius’;

605 1735 719 1794 hoc
761 1740 957 1793 autem
999 1732 1275 1804 interest,
1323 1730 1480 1810 quod
1522 1752 1662 1793 voce
1709 1734 2028 1812 possessivi
2060 1751 2245 1810 genus
2286 1741 2342 1792 et
2378 1752 2551 1793 casus
2597 1743 2655 1793 et
2684 1753 2966 1795 numerus
3010 1735 3194 1814 ipsius

606 1834 1001 1916 possessionis
1048 1834 1393 1894 ostenditur.
1485 1842 1543 1894 et
1588 1835 1946 1896 substantiva
1993 1834 2228 1913 quidem
2271 1835 2446 1895 verba
2491 1836 2844 1915 possessivis
2885 1837 3195 1897 coniuncta

606 1938 677 1997 ad
716 1956 1097 2016 possessores
1149 1937 1511 2009 reseruntur,
1576 1944 1640 1998 ut
1682 1941 1853 1997 ‘tuus
1899 1955 2028 1996 sum
2078 1936 2266 2010 tilius,
2326 1955 2497 1998 meus
2548 1957 2613 1998 es
2659 1946 2856 2017 pater,
2917 1958 3061 1999 suus
3105 1947 3200 1998 est

606 2039 763 2099 illius
809 2057 1011 2098 servus
1029 2043 1069 2112 '‚
1112 2038 1171 2098 in
1222 2058 1336 2098 una
1380 2048 1575 2099 autem
1622 2040 1942 2115 eademqne
1989 2058 2239 2117 persona
2284 2058 2597 2118 possessor
2640 2039 2814 2100 simul
2858 2048 2915 2099 et
2959 2060 3199 2119 posses·
3235 2051 3286 2090 ¹5

608 2139 695 2201 sio
741 2140 1103 2200 intransitive
1156 2139 1412 2217 intellegi
1469 2159 1587 2201 non
1646 2149 1869 2220 potest,
1921 2138 2034 2200 nisi
2081 2142 2324 2216 figurate
2370 2140 2523 2201 dic-at
2566 2141 2774 2218 aliquis
2829 2142 3032 2202 ‘niens
3087 2160 3197 2219 ego

609 2261 740 2303 sum
788 2251 846 2301 et
885 2261 1090 2302 servus
1135 2249 1192 2301 et
1231 2241 1526 2302 dominus’
1576 2249 1632 2301 et
1674 2242 1903 2302 similia.
1993 2241 2341 2302 Persius:

915 2344 1266 2404 Vindicta
1311 2351 1716 2423 postquam
1762 2361 2050 2405 mensa
2093 2350 2447 2423 praetore
2484 2346 2805 2418 recessi,

610 2455 669 2507 et
713 2445 1155 2525 Euripides:

1810 2535 1946 2624 ἐγώ
2002 2536 2055 2603 δ’
2117 2540 2286 2623 ἐμός
2328 2546 2502 2624 εἶμι.
3226 2560 3286 2601 20

615 2649 707 2711 sin
764 2656 958 2709 autem
1010 2648 1299 2727 aliquibus
1358 2670 1424 2710 ea
1484 2648 1691 2732 verlhis
1746 2649 2040 2709 sociamus
2090 2649 2168 2708 'ad
2213 2648 2472 2728 ipsarum
2519 2651 2962 2729 possessionum
3005 2660 3202 2711 actum

613 2750 700 2812 vel
748 2751 1084 2831 passionem
1128 2752 1591 2832 pertinentibuS,
1650 2771 1896 2813 necesse
1946 2758 2066 2822 est,
2126 2770 2259 2813 cum
2313 2752 2370 2813 in
2431 2753 2616 2832 prima
2673 2761 2730 2813 et
2770 2753 3026 2814 secunda
3069 2772 3203 2814 esse

612 2853 1062 2930 intelleguntur,
1124 2854 1410 2933 primitiva
1457 2873 1692 2933 quoque
1737 2856 1821 2915 eis
1866 2855 2212 2933 pronomina
2255 2854 2521 2933 adiungi,
2581 2856 2873 2933 quomodo
2931 2856 3102 2916 etiam
3142 2856 3202 2915 in

614 2956 887 3017 omnibus
935 2955 1084 3016 solet
1142 2956 1267 3016 fleri
1315 2956 1685 3031 nominibus,
1745 2965 1811 3017 ut
1865 2957 1964 3015 ‘tu
2021 2953 2190 3018 metis
2249 2956 2401 3017 tilius
2449 2957 2626 3035 legiS,
2685 2976 2793 3035 ego
2847 2967 2982 3018 tuus
3039 2967 3207 3036 pater

615 3058 837 3118 doceo'
898 3064 956 3116 et
1014 3059 1108 3117 ‘tu
1152 3058 1347 3135 Vin-gili
1400 3059 1611 3128 (loces,
1669 3078 1777 3137 ego
1834 3058 2167 3119 Priscianus
2225 3058 2496 3119 doceor'.
2586 3060 2643 3119 in
2710 3060 2793 3120 eis
2851 3060 3002 3119 enim
3064 3078 3206 3119 con·
3234 3070 3290 3108 ²5

616 3157 1037 3219 structionibus
1077 3159 1280 3231 verba,
1335 3178 1484 3237 quae
1533 3179 1651 3222 non
1701 3160 2087 3221 substantiam
2128 3160 2486 3237 significant,
2547 3161 2618 3221 ad
2667 3162 2826 3240 ipsas
2877 3161 3207 3242 possessio-

617 3281 753 3334 nes'‚
811 3279 927 3319 non
972 3260 1043 3320 ad
1090 3280 1471 3340 possessores
1512 3263 1838 3341 pertinent,
1902 3261 1959 3320 id
2004 3271 2094 3321 est
2139 3262 2369 3339 quando
2423 3262 2793 3323 nominativis
2839 3263 3209 3342 possessivo-

617 3382 748 3424 rum
807 3362 1203 3440 adiunguntur
1268 3362 1457 3423 verba.
1559 3363 1651 3424 sin
1712 3373 1906 3423 autem
1976 3363 2033 3423 in
2099 3383 2213 3425 nna
2275 3364 2593 3442 eademque
2656 3383 2905 3443 persona
2966 3363 3206 3424 verbum

618 3464 854 3543 obliquo
898 3464 1288 3542 coniungatur
1331 3465 1695 3543 pronominis
1740 3462 1931 3538 casui,
1994 3484 2236 3526 necesse
2285 3475 2374 3526 est
2413 3464 2969 3545 reciprocationem,
3017 3466 3072 3525 id
3118 3472 3210 3525 est
3291 3532 3312 3551 ⁶

621 3566 711 3626 sni
756 3566 1121 3646 passionem,
1167 3566 1289 3627 lieri
1330 3574 1388 3627 et
1433 3566 1676 3627 eandem
1723 3586 2034 3646 personam
2082 3586 2254 3646 agere
2302 3568 2517 3646 aliquid
2562 3569 2621 3629 in
2670 3588 2733 3629 se
2778 3567 2953 3629 simul
2996 3576 3051 3627 et
3082 3587 3112 3627 a
3144 3587 3208 3626 se
3236 3584 3290 3624 so

759 3700 783 3750 l
828 3699 1116 3766 relativum]
1159 3702 1423 3752 rel-uiuum
1458 3717 1603 3750 suum
1638 3701 1680 3751 S
1716 3704 1984 3754 relatiuum
2024 3704 2131 3751 suis
2172 3704 2211 3753 0
2392 3703 2423 3754 3
2457 3705 2550 3753 ista
2589 3719 2680 3756 om.
2723 3706 2770 3753 D
2942 3707 2975 3754 4
3015 3703 3209 3768 signiti-

621 3767 760 3836 caut]
790 3787 827 3818 r.
854 3771 1108 3836 significat
1140 3772 1186 3821 R
1324 3773 1617 3836 possessiso
1643 3770 1726 3835 (n)
1763 3773 1810 3821 1ae
1955 3783 2030 3822 est
2070 3777 2245 3822 tet-vae
2277 3772 2317 3820 S
2454 3775 2487 3823 ϋ
2524 3773 2663 3823 solus
2704 3789 2774 3822 ex
2809 3772 2936 3823 solis
2970 3789 3105 3822 corr.
3149 3773 3214 3823 M

756 3849 876 3903 post
911 3856 1182 3904 personne:
1229 3842 1636 3908 possessiuis—
1660 3857 1908 3906 personae
1946 3858 2066 3891 om..
2112 3845 2208 3891 sm!
2241 3859 2350 3906 sup.
2397 3846 2482 3894 lin.
2521 3844 2642 3892 add.
2685 3846 2731 3893 Ι)
2903 3845 2933 3891 7
2986 3843 3210 3892 secunda

622 3909 664 3958 Ο
842 3912 911 3959 mi
949 3907 1115 3976 pater]
1159 3919 1393 3972 spectant
1426 3911 1552 3962 hoec
1587 3912 1659 3960 ml
1702 3912 1819 3961 Ter.
1862 3913 2027 3960 Andr.
2065 3914 2110 3960 V
2143 3913 2193 3968 3,
2231 3913 2294 3963 18
2331 3921 2379 3963 el
2415 3914 2475 3964 19
2506 3915 2575 3975 cf.
2614 3914 2700 3965 lib.
2742 3913 2861 3961 Xlll
2897 3915 2929 3974 S
2970 3915 3002 3962 2
3176 3912 3209 3962 8

623 3993 652 4028 o
694 3994 802 4027 mea
838 3977 917 4044 tu]
957 3996 1068 4029 mea
1102 3989 1153 4029 tu
1195 3982 1309 4031 Ter.
1349 3997 1460 4030 eun,
1501 3983 1587 4032 llll
1627 3981 1678 4040 3,
1718 3983 1785 4032 22
1824 3983 1892 4041 el'.
1933 3981 2016 4030 lib.
2053 3981 2148 4031 xll
2187 3985 2218 4044 §
2258 3982 2320 4033 10
2498 3998 2526 4030 o
2561 3992 2732 4032 noster
2771 3981 3045 4048 Chremes]
3091 3984 3204 4033 Ter.

623 4048 792 4098 Andr.
832 4049 877 4098 V
906 4052 956 4109 2,
989 4051 1021 4100 5
1059 4051 1128 4113 cf.
1170 4051 1255 4101 lib.
1295 4051 1389 4100 Xll
1427 4054 1527 4102 1.1.
1672 4051 2020 4115 possessiunm
2062 4050 2102 4099 0
2241 4053 2274 4104 9
2308 4045 2703 4117 primitivorum]
2741 4053 3209 4118 possessiuorumS

768 4118 831 4167 lo
868 4122 966 4168 mei
1007 4129 1059 4169 ut
1096 4120 1395 4168 euandrinm
1433 4122 1480 4169 L
1660 4122 1716 4170 ll
1760 4136 1947 4170 aenaea
1985 4121 2026 4168 S
2061 4137 2184 4170 enea
2221 4124 2271 4171 N
2441 4123 2502 4172 12
2554 4132 2602 4170 et
2635 4138 2799 4187 genus
2833 4131 2881 4170 et
2916 4124 2966 4170 D
3147 4123 3210 4171 14

624 4187 757 4238 tilius
796 4203 906 4237 sum
947 4191 997 4240 N
1136 4189 1210 4253 es]
1252 4192 1279 4238 ἓ
1312 4192 1355 4240 R
1499 4192 1561 4241 15
1599 4206 1817 4254 persona
1853 4206 1965 4251 sup.
2003 4194 2089 4242 lin.
2125 4192 2246 4240 add.
2282 4208 2313 4239 r
2464 4191 2528 4241 16
2563 4193 2657 4241 nisi
2695 4193 2739 4240 si
2770 4193 2984 4254 figurate
3023 4193 3071 4241 L

626 4260 844 4323 figurate
883 4257 933 4306 N
1069 4258 1252 4321 aliquis
1290 4275 1433 4309 meus
1468 4276 1562 4326 ego
1603 4277 1714 4310 sum
1753 4261 1941 4322 aliquis
1975 4275 2116 4309 meus
2155 4276 2250 4324 ego
2283 4277 2393 4311 sum
2435 4261 2513 4310 ἂν·
2656 4264 2717 4312 17
2759 4263 2909 4314 Pers.
2940 4269 3038 4311 sal.
3074 4262 3123 4321 5,
3143 4261 3212 4311 88

767 4359 831 4409 18
871 4361 1123 4411 uindicata
1167 4363 1277 4412 ML
1417 4366 1575 4413 recesi
1616 4365 1663 4414 J,
1821 4365 1883 4414 19
1921 4364 2105 4427 Eur-ip.
2140 4367 2235 4413 inc.
2269 4365 2380 4428 sab.
2406 4366 2480 4426 fr.
2508 4366 2611 4418 903
2647 4382 2732 4427 ap.
2767 4364 3042 4413 Nauckium
3077 4371 3212 4428 troy-

628 4430 718 4479 Gr.
752 4430 942 4495 sraffln.
982 4447 1036 4494 p.
1080 4432 1182 4484 530
1216 4434 1285 4496 ef.
1327 4436 1357 4495 S
1403 4433 1497 4483 198
1656 4431 1722 4482 ’.ΞΟ
1762 4449 1866 4482 erto
1903 4434 1950 4482 N
1987 4450 2119 4483 κισ-ω
2160 4435 2220 4482 Μ
2377 4451 2577 4485 semote
2609 4436 2863 4486 RMNLd
2898 4449 3140 4484 ammove
3177 4435 3216 4482 S

768 4501 829 4550 21
872 4502 1095 4565 ipsarum
1136 4501 1541 4570 possessionum]
1574 4520 1603 4551 r
1640 4504 1864 4566 ipsorum
1907 4505 2283 4567 possessiouem
2323 4503 2368 4551 R
2403 4506 2629 4570 ipsorum
2669 4505 2994 4566 posesionum
3029 4503 3075 4551 L

627 4572 695 4618 ‘22
730 4577 778 4616 et
817 4570 864 4616 in
907 4572 1127 4621 secunda
1168 4574 1216 4623 L
1393 4571 1538 4637 ess-e]
1580 4587 1802 4638 persona
1840 4589 1952 4621 esse
1996 4573 2138 4624 ODN
2188 4588 2406 4637 persona
2443 4576 2483 4624 S
2656 4575 2723 4625 ‘23
2763 4571 3145 4639 intelleguntur]
3187 4589 3216 4619 r

632 4635 956 4702 intellegatur
984 4641 1030 4688 lt
1204 4644 1253 4692 in
1288 4645 1526 4692 omnibus
1564 4642 1694 4692 solet
1729 4642 1836 4691 fieri
1878 4641 2194 4707 nominibus]
2237 4645 2527 4695 nominibw
2565 4646 2610 4693 L
2660 4643 2783 4693 solet
2830 4643 2937 4692 fleri
2979 4643 3214 4690 omuibus

628 4708 678 4756 in
713 4723 805 4769 my.
844 4709 964 4756 add.
1004 4711 1023 4757 l
1186 4714 1253 4761 24
1294 4713 1422 4778 legis
1461 4721 1507 4762 et
1545 4729 1640 4778 ego
1680 4713 1733 4761 N
1895 4713 1961 4761 25
2001 4711 2233 4776 uirgilius
2270 4713 2336 4761 M
2487 4716 2728 4779 pscianus
2772 4715 2817 4761 Ι,
2965 4714 3030 4760 27
3065 4712 3217 4776 perti-

630 4775 768 4838 nent]
808 4792 838 4823 r
876 4778 1227 4841 pertineutsa)
1264 4783 1311 4832 R
1470 4781 1537 4831 28
1574 4780 1678 4845 sin]
1713 4798 1743 4829 r
1776 4781 1817 4828 si
1856 4781 1900 4829 li
2066 4782 2312 4843 enh-mque
2347 4784 2393 4832 Ji
2534 4785 2601 4833 29
2638 4779 2861 4846 obliquo}
2903 4799 2932 4830 r
2969 4781 3131 4830 oblico
3170 4781 3215 4828 R

767 4847 1239 4913 conitinga*t11r(n)
1278 4852 1322 4901 R
1371 4852 1676 4916 coniugatur
1713 4851 1760 4899 N
1805 4851 2112 4912 adiungatur
2150 4849 2210 4897 M
2381 4860 2497 4916 post
2544 4853 2864 4918 pronominis
2909 4867 3020 4916 sqq.
3060 4866 3217 4916 usque

627 4916 700 4964 ad
732 4917 1121 4982 pronominibus
1161 4933 1254 4972 om.
1294 4921 1341 4971 R
1376 4923 1427 4969 in
1463 4937 1558 4986 my.
1601 4920 1723 4970 add.
1762 4936 1794 4968 r
1932 4919 2000 4971 30
2037 4921 2086 4968 in
2127 4936 2241 4971 sese
2276 4921 2319 4971 S
