<?xml version="1.0" encoding="UTF-8"?>
<!DOCTYPE html PUBLIC "-//W3C//DTD XHTML 1.0 Transitional//EN"
    "http://www.w3.org/TR/xhtml1/DTD/xhtml1-transitional.dtd">
<html xmlns="http://www.w3.org/1999/xhtml" xml:lang="en" lang="en">
 <head>
  <title>
</title>
<meta http-equiv="Content-Type" content="text/html;charset=utf-8" />
  <meta name='ocr-system' content='tesseract 3.04.00' />
  <meta name='ocr-capabilities' content='ocr_page ocr_carea ocr_par ocr_line ocrx_word'/>
</head>
<body>
  <div class='ocr_page' id='page_1' title='image "./grammaticilatin06hagagoog_0013.png"; bbox 0 0 3576 5595; ppageno 0'>
   <div class='ocr_carea' id='block_1_1' title="bbox 1281 1242 2059 1325">
    <p class='ocr_par' dir='ltr' id='par_1_1' title="bbox 1281 1242 2059 1325">
     <span class='ocr_line' id='line_1_1' title="bbox 1281 1242 2059 1325; baseline 0 -1"><span class='ocrx_word' id='word_1_1' title='bbox 1281 1242 2059 1325; x_wconf 87' lang='lat' dir='ltr'><strong>PRAEFATIO.</strong></span> 
     </span>
    </p>
   </div>
   <div class='ocr_carea' id='block_1_2' title="bbox 1490 1513 1846 1523">
    <p class='ocr_par' dir='ltr' id='par_1_2' title="bbox 1490 1513 1846 1523">
     <span class='ocr_line' id='line_1_2' title="bbox 1490 1513 1846 1523; baseline 0.003 -3"><span class='ocrx_word' id='word_1_2' title='bbox 1490 1513 1846 1523; x_wconf 70' lang='lat'>———--</span> 
     </span>
    </p>
   </div>
   <div class='ocr_carea' id='block_1_3' title="bbox 359 1697 3074 4963">
    <p class='ocr_par' dir='ltr' id='par_1_3' title="bbox 364 1697 2957 2843">
     <span class='ocr_line' id='line_1_3' title="bbox 539 1697 2957 1823; baseline 0.001 -25"><span class='ocrx_word' id='word_1_3' title='bbox 539 1697 797 1801; x_wconf 84' lang='lat' dir='ltr'>Pauca</span> <span class='ocrx_word' id='word_1_4' title='bbox 840 1745 1025 1820; x_wconf 88' lang='lat' dir='ltr'>sunt,</span> <span class='ocrx_word' id='word_1_5' title='bbox 1073 1758 1243 1823; x_wconf 85' lang='lat' dir='ltr'>quae</span> <span class='ocrx_word' id='word_1_6' title='bbox 1287 1735 1438 1799; x_wconf 91' lang='lat' dir='ltr'>huic</span> <span class='ocrx_word' id='word_1_7' title='bbox 1469 1735 1785 1801; x_wconf 78' lang='lat' dir='ltr'>volumini</span> <span class='ocrx_word' id='word_1_8' title='bbox 1829 1735 2195 1822; x_wconf 86' lang='lat' dir='ltr'>praefanda</span> <span class='ocrx_word' id='word_1_9' title='bbox 2236 1733 2477 1817; x_wconf 84' lang='lat' dir='ltr'>habe0,</span> <span class='ocrx_word' id='word_1_10' title='bbox 2524 1756 2728 1821; x_wconf 87' lang='lat' dir='ltr'>eaque</span> <span class='ocrx_word' id='word_1_11' title='bbox 2764 1736 2957 1800; x_wconf 89' lang='lat' dir='ltr'>unice</span> 
     </span>
     <span class='ocr_line' id='line_1_4' title="bbox 367 1836 2956 1925; baseline -0.003 -18"><span class='ocrx_word' id='word_1_12' title='bbox 367 1843 507 1907; x_wconf 85' lang='lat' dir='ltr'>fere</span> <span class='ocrx_word' id='word_1_13' title='bbox 566 1847 864 1925; x_wconf 87' lang='lat' dir='ltr'>spectant</span> <span class='ocrx_word' id='word_1_14' title='bbox 914 1837 1000 1902; x_wconf 88' lang='lat' dir='ltr'>ad</span> <span class='ocrx_word' id='word_1_15' title='bbox 1053 1838 1257 1912; x_wconf 73' lang='lat' dir='ltr'>libros</span> <span class='ocrx_word' id='word_1_16' title='bbox 1298 1836 1502 1901; x_wconf 83' lang='lat' dir='ltr'>XVII</span> <span class='ocrx_word' id='word_1_17' title='bbox 1550 1846 1614 1901; x_wconf 89' lang='lat' dir='ltr'>et</span> <span class='ocrx_word' id='word_1_18' title='bbox 1653 1837 1927 1919; x_wconf 84' lang='lat' dir='ltr'>XVIII,</span> <span class='ocrx_word' id='word_1_19' title='bbox 1984 1837 2307 1901; x_wconf 87' lang='lat' dir='ltr'>Prisciani</span> <span class='ocrx_word' id='word_1_20' title='bbox 2369 1838 2637 1901; x_wconf 90' lang='lat' dir='ltr'>minoris</span> <span class='ocrx_word' id='word_1_21' title='bbox 2695 1839 2956 1900; x_wconf 88' lang='lat' dir='ltr'>nomine</span> 
     </span>
     <span class='ocr_line' id='line_1_5' title="bbox 372 1933 2956 2026; baseline -0.003 -19"><span class='ocrx_word' id='word_1_22' title='bbox 372 1942 528 2007; x_wconf 92' lang='lat' dir='ltr'>olim</span> <span class='ocrx_word' id='word_1_23' title='bbox 573 1963 614 2004; x_wconf 87' lang='lat' dir='ltr'>a</span> <span class='ocrx_word' id='word_1_24' title='bbox 658 1938 1054 2026; x_wconf 89' lang='lat' dir='ltr'>reliquorum</span> <span class='ocrx_word' id='word_1_25' title='bbox 1106 1939 1391 2004; x_wconf 88' lang='lat' dir='ltr'>sedecim</span> <span class='ocrx_word' id='word_1_26' title='bbox 1436 1938 1748 2005; x_wconf 91' lang='lat' dir='ltr'>librorum</span> <span class='ocrx_word' id='word_1_27' title='bbox 1791 1933 2305 2024; x_wconf 75' lang='lat' dir='ltr'>corpore,&#39;quod</span> <span class='ocrx_word' id='word_1_28' title='bbox 2339 1936 2661 2002; x_wconf 80' lang='lat' dir='ltr'>Prisciani</span> <span class='ocrx_word' id='word_1_29' title='bbox 2691 1938 2956 2001; x_wconf 87' lang='lat' dir='ltr'>maioris</span> 
     </span>
     <span class='ocr_line' id='line_1_6' title="bbox 369 2038 2956 2127; baseline -0.002 -21"><span class='ocrx_word' id='word_1_30' title='bbox 369 2063 604 2106; x_wconf 91' lang='lat' dir='ltr'>nomen</span> <span class='ocrx_word' id='word_1_31' title='bbox 651 2061 809 2127; x_wconf 88' lang='lat' dir='ltr'>prae</span> <span class='ocrx_word' id='word_1_32' title='bbox 867 2063 936 2105; x_wconf 86' lang='lat' dir='ltr'>se</span> <span class='ocrx_word' id='word_1_33' title='bbox 993 2040 1279 2122; x_wconf 84' lang='lat' dir='ltr'>ferebat,</span> <span class='ocrx_word' id='word_1_34' title='bbox 1338 2039 1538 2125; x_wconf 87' lang='lat' dir='ltr'>vulgo</span> <span class='ocrx_word' id='word_1_35' title='bbox 1591 2049 1969 2125; x_wconf 83' lang='lat' dir='ltr'>segregatos</span> <span class='ocrx_word' id='word_1_36' title='bbox 2022 2050 2086 2103; x_wconf 91' lang='lat' dir='ltr'>et</span> <span class='ocrx_word' id='word_1_37' title='bbox 2134 2038 2517 2125; x_wconf 86' lang='lat' dir='ltr'>plerumque</span> <span class='ocrx_word' id='word_1_38' title='bbox 2569 2039 2956 2123; x_wconf 80' lang='lat' dir='ltr'>singillatim</span> 
     </span>
     <span class='ocr_line' id='line_1_7' title="bbox 370 2132 2955 2229; baseline -0.002 -21"><span class='ocrx_word' id='word_1_39' title='bbox 370 2132 756 2229; x_wconf 49' lang='lat' dir='ltr'>descriptos</span> <span class='ocrx_word' id='word_1_40' title='bbox 847 2143 1146 2225; x_wconf 85' lang='lat' dir='ltr'>quamvis</span> <span class='ocrx_word' id='word_1_41' title='bbox 1191 2142 1363 2205; x_wconf 89' lang='lat' dir='ltr'>enim</span> <span class='ocrx_word' id='word_1_42' title='bbox 1414 2141 1493 2205; x_wconf 92' lang='lat' dir='ltr'>de</span> <span class='ocrx_word' id='word_1_43' title='bbox 1528 2141 1960 2222; x_wconf 87' lang='lat' dir='ltr'>adiumentis,</span> <span class='ocrx_word' id='word_1_44' title='bbox 2005 2141 2242 2227; x_wconf 89' lang='lat' dir='ltr'>quibus</span> <span class='ocrx_word' id='word_1_45' title='bbox 2286 2142 2354 2204; x_wconf 91' lang='lat' dir='ltr'>in</span> <span class='ocrx_word' id='word_1_46' title='bbox 2388 2140 2808 2204; x_wconf 77' lang='lat' dir='ltr'>recensendis</span> <span class='ocrx_word' id='word_1_47' title='bbox 2853 2140 2955 2220; x_wconf 80' lang='lat' dir='ltr'>his</span> 
     </span>
     <span class='ocr_line' id='line_1_8' title="bbox 367 2241 2955 2329; baseline -0.002 -20"><span class='ocrx_word' id='word_1_48' title='bbox 367 2245 554 2309; x_wconf 88' lang='lat' dir='ltr'>libris</span> <span class='ocrx_word' id='word_1_49' title='bbox 605 2265 764 2307; x_wconf 90' lang='lat' dir='ltr'>usus</span> <span class='ocrx_word' id='word_1_50' title='bbox 813 2264 988 2325; x_wconf 89' lang='lat' dir='ltr'>sum,</span> <span class='ocrx_word' id='word_1_51' title='bbox 1033 2244 1101 2307; x_wconf 91' lang='lat' dir='ltr'>in</span> <span class='ocrx_word' id='word_1_52' title='bbox 1145 2244 1382 2329; x_wconf 85' lang='lat' dir='ltr'>prioris</span> <span class='ocrx_word' id='word_1_53' title='bbox 1428 2242 1782 2307; x_wconf 84' lang='lat' dir='ltr'>voluminis</span> <span class='ocrx_word' id='word_1_54' title='bbox 1829 2242 2238 2329; x_wconf 83' lang='lat' dir='ltr'>praefatione</span> <span class='ocrx_word' id='word_1_55' title='bbox 2285 2241 2740 2323; x_wconf 82' lang='lat' dir='ltr'>disseruerim,</span> <span class='ocrx_word' id='word_1_56' title='bbox 2784 2242 2955 2305; x_wconf 90' lang='lat' dir='ltr'>inter</span> 
     </span>
     <span class='ocr_line' id='line_1_9' title="bbox 374 2342 2955 2433; baseline -0.002 -23"><span class='ocrx_word' id='word_1_57' title='bbox 374 2347 586 2433; x_wconf 88' lang='lat' dir='ltr'>ipsum</span> <span class='ocrx_word' id='word_1_58' title='bbox 639 2344 1022 2408; x_wconf 90' lang='lat' dir='ltr'>recensendi</span> <span class='ocrx_word' id='word_1_59' title='bbox 1066 2353 1261 2430; x_wconf 89' lang='lat' dir='ltr'>atque</span> <span class='ocrx_word' id='word_1_60' title='bbox 1313 2343 1704 2408; x_wconf 88' lang='lat' dir='ltr'>emendandi</span> <span class='ocrx_word' id='word_1_61' title='bbox 1763 2344 2052 2409; x_wconf 87' lang='lat' dir='ltr'>laborem</span> <span class='ocrx_word' id='word_1_62' title='bbox 2098 2342 2628 2408; x_wconf 86' lang='lat' dir='ltr'>observationum</span> <span class='ocrx_word' id='word_1_63' title='bbox 2692 2342 2955 2429; x_wconf 89' lang='lat' dir='ltr'>aliquod</span> 
     </span>
     <span class='ocr_line' id='line_1_10' title="bbox 366 2443 2952 2560; baseline -0.002 -48"><span class='ocrx_word' id='word_1_64' title='bbox 366 2445 782 2512; x_wconf 87' lang='lat' dir='ltr'>corollarium</span> <span class='ocrx_word' id='word_1_65' title='bbox 822 2445 979 2509; x_wconf 92' lang='lat' dir='ltr'>mihi</span> <span class='ocrx_word' id='word_1_66' title='bbox 1022 2444 1369 2509; x_wconf 88' lang='lat' dir='ltr'>subnatum</span> <span class='ocrx_word' id='word_1_67' title='bbox 1417 2455 1535 2528; x_wconf 89' lang='lat' dir='ltr'>est,</span> <span class='ocrx_word' id='word_1_68' title='bbox 1581 2446 1767 2560; x_wconf 50' lang='lat' dir='ltr'>&lt;alius</span> <span class='ocrx_word' id='word_1_69' title='bbox 1823 2445 2098 2509; x_wconf 89' lang='lat' dir='ltr'>alteram</span> <span class='ocrx_word' id='word_1_70' title='bbox 2142 2454 2414 2530; x_wconf 89' lang='lat' dir='ltr'>partem,</span> <span class='ocrx_word' id='word_1_71' title='bbox 2455 2466 2620 2530; x_wconf 88' lang='lat' dir='ltr'>quae</span> <span class='ocrx_word' id='word_1_72' title='bbox 2660 2443 2952 2528; x_wconf 87' lang='lat' dir='ltr'>singulas</span> 
     </span>
     <span class='ocr_line' id='line_1_11' title="bbox 365 2544 2950 2636; baseline -0.001 -24"><span class='ocrx_word' id='word_1_73' title='bbox 365 2548 679 2636; x_wconf 89' lang='lat' dir='ltr'>quasdam</span> <span class='ocrx_word' id='word_1_74' title='bbox 710 2569 816 2611; x_wconf 89' lang='lat' dir='ltr'>res</span> <span class='ocrx_word' id='word_1_75' title='bbox 848 2546 933 2610; x_wconf 98' lang='lat' dir='ltr'>ad</span> <span class='ocrx_word' id='word_1_76' title='bbox 974 2544 1324 2610; x_wconf 86' lang='lat' dir='ltr'>voluminis</span> <span class='ocrx_word' id='word_1_77' title='bbox 1371 2545 1507 2610; x_wconf 87' lang='lat' dir='ltr'>fere</span> <span class='ocrx_word' id='word_1_78' title='bbox 1543 2548 1781 2631; x_wconf 73' lang='lat' dir='ltr'>prioris</span> <span class='ocrx_word' id='word_1_79' title='bbox 1826 2555 2281 2630; x_wconf 87' lang='lat' dir='ltr'>argumentum</span> <span class='ocrx_word' id='word_1_80' title='bbox 2325 2546 2727 2631; x_wconf 80' lang='lat' dir='ltr'>pertinentes</span> <span class='ocrx_word' id='word_1_81' title='bbox 2770 2567 2950 2631; x_wconf 89' lang='lat' dir='ltr'>spec-</span> 
     </span>
     <span class='ocr_line' id='line_1_12' title="bbox 364 2645 2952 2733; baseline -0.002 -19"><span class='ocrx_word' id='word_1_82' title='bbox 364 2660 486 2727; x_wconf 88' lang='lat' dir='ltr'>tat,</span> <span class='ocrx_word' id='word_1_83' title='bbox 545 2650 612 2713; x_wconf 91' lang='lat' dir='ltr'>in</span> <span class='ocrx_word' id='word_1_84' title='bbox 669 2648 1119 2713; x_wconf 88' lang='lat' dir='ltr'>addendorum</span> <span class='ocrx_word' id='word_1_85' title='bbox 1178 2647 1842 2733; x_wconf 90' lang='lat' dir='ltr'>corrigendorumque</span> <span class='ocrx_word' id='word_1_86' title='bbox 1896 2646 2297 2732; x_wconf 82' lang='lat' dir='ltr'>farraginem</span> <span class='ocrx_word' id='word_1_87' title='bbox 2342 2647 2624 2727; x_wconf 88' lang='lat' dir='ltr'>conieci,</span> <span class='ocrx_word' id='word_1_88' title='bbox 2681 2645 2952 2710; x_wconf 86' lang='lat' dir='ltr'>alteram</span> 
     </span>
     <span class='ocr_line' id='line_1_13' title="bbox 365 2748 1142 2843; baseline -0.003 -27"><span class='ocrx_word' id='word_1_89' title='bbox 365 2752 474 2817; x_wconf 87' lang='lat' dir='ltr'>hic</span> <span class='ocrx_word' id='word_1_90' title='bbox 500 2771 902 2843; x_wconf 67' lang='lat' dir='ltr'>xcomponere</span> <span class='ocrx_word' id='word_1_91' title='bbox 947 2748 1142 2815; x_wconf 89' lang='lat' dir='ltr'>malo.</span> 
     </span>
    </p>

    <p class='ocr_par' dir='ltr' id='par_1_4' title="bbox 359 2848 3074 4963">
     <span class='ocr_line' id='line_1_14' title="bbox 532 2848 2952 2938; baseline -0.002 -21"><span class='ocrx_word' id='word_1_92' title='bbox 532 2854 632 2917; x_wconf 91' lang='lat' dir='ltr'>Ac</span> <span class='ocrx_word' id='word_1_93' title='bbox 695 2853 976 2938; x_wconf 88' lang='lat' dir='ltr'>primum</span> <span class='ocrx_word' id='word_1_94' title='bbox 1036 2850 1210 2937; x_wconf 89' lang='lat' dir='ltr'>quod</span> <span class='ocrx_word' id='word_1_95' title='bbox 1276 2851 1360 2915; x_wconf 98' lang='lat' dir='ltr'>ad</span> <span class='ocrx_word' id='word_1_96' title='bbox 1429 2851 1636 2936; x_wconf 90' lang='lat' dir='ltr'>ipsius</span> <span class='ocrx_word' id='word_1_97' title='bbox 1693 2850 2023 2915; x_wconf 88' lang='lat' dir='ltr'>Prisciani</span> <span class='ocrx_word' id='word_1_98' title='bbox 2087 2872 2248 2938; x_wconf 90' lang='lat' dir='ltr'>opus</span> <span class='ocrx_word' id='word_1_99' title='bbox 2312 2851 2575 2931; x_wconf 85' lang='lat' dir='ltr'>attinet,</span> <span class='ocrx_word' id='word_1_100' title='bbox 2643 2848 2795 2913; x_wconf 87' lang='lat' dir='ltr'>libri</span> <span class='ocrx_word' id='word_1_101' title='bbox 2853 2848 2952 2913; x_wconf 94' lang='lat' dir='ltr'>illi</span> 
     </span>
     <span class='ocr_line' id='line_1_15' title="bbox 365 2949 2948 3039; baseline -0.001 -23"><span class='ocrx_word' id='word_1_102' title='bbox 365 2952 820 3017; x_wconf 87' lang='lat' dir='ltr'>XIII—XVI</span> <span class='ocrx_word' id='word_1_103' title='bbox 866 2954 1227 3017; x_wconf 90' lang='lat' dir='ltr'>doctrinam</span> <span class='ocrx_word' id='word_1_104' title='bbox 1273 2953 1353 3016; x_wconf 90' lang='lat' dir='ltr'>de</span> <span class='ocrx_word' id='word_1_105' title='bbox 1396 2951 1693 3038; x_wconf 85' lang='lat' dir='ltr'>partibus</span> <span class='ocrx_word' id='word_1_106' title='bbox 1743 2952 2061 3017; x_wconf 82' lang='lat' dir='ltr'>orationis</span> <span class='ocrx_word' id='word_1_107' title='bbox 2108 2975 2224 3039; x_wconf 89' lang='lat' dir='ltr'>per</span> <span class='ocrx_word' id='word_1_108' title='bbox 2266 2951 2466 3016; x_wconf 87' lang='lat' dir='ltr'>libros</span> <span class='ocrx_word' id='word_1_109' title='bbox 2515 2949 2656 3014; x_wconf 92' lang='lat' dir='ltr'>XII</span> <span class='ocrx_word' id='word_1_110' title='bbox 2696 2951 2948 3036; x_wconf 88' lang='lat' dir='ltr'>priores</span> 
     </span>
     <span class='ocr_line' id='line_1_16' title="bbox 364 3052 2951 3142; baseline -0.002 -22"><span class='ocrx_word' id='word_1_111' title='bbox 364 3077 573 3142; x_wconf 88' lang='lat' dir='ltr'>usque</span> <span class='ocrx_word' id='word_1_112' title='bbox 646 3054 731 3118; x_wconf 85' lang='lat' dir='ltr'>ad</span> <span class='ocrx_word' id='word_1_113' title='bbox 799 3075 1156 3142; x_wconf 90' lang='lat' dir='ltr'>pronomen</span> <span class='ocrx_word' id='word_1_114' title='bbox 1220 3053 1597 3135; x_wconf 90' lang='lat' dir='ltr'>deductam,</span> <span class='ocrx_word' id='word_1_115' title='bbox 1670 3054 2053 3139; x_wconf 92' lang='lat' dir='ltr'>pronomine</span> <span class='ocrx_word' id='word_1_116' title='bbox 2133 3052 2467 3128; x_wconf 89' lang='lat' dir='ltr'>absolut0,</span> <span class='ocrx_word' id='word_1_117' title='bbox 2527 3052 2951 3138; x_wconf 89' lang='lat' dir='ltr'>praepositio·</span> 
     </span>
     <span class='ocr_line' id='line_1_17' title="bbox 365 3153 2947 3240; baseline -0.002 -20"><span class='ocrx_word' id='word_1_118' title='bbox 365 3156 596 3237; x_wconf 91' lang='lat' dir='ltr'>nibus,</span> <span class='ocrx_word' id='word_1_119' title='bbox 645 3155 1013 3235; x_wconf 86' lang='lat' dir='ltr'>adverbiis,</span> <span class='ocrx_word' id='word_1_120' title='bbox 1058 3153 1655 3231; x_wconf 86' lang='lat' dir='ltr'>interiectionibus,</span> <span class='ocrx_word' id='word_1_121' title='bbox 1694 3153 2259 3218; x_wconf 88' lang='lat' dir='ltr'>coniunctionibus</span> <span class='ocrx_word' id='word_1_122' title='bbox 2297 3153 2539 3218; x_wconf 88' lang='lat' dir='ltr'>additis</span> <span class='ocrx_word' id='word_1_123' title='bbox 2582 3153 2947 3240; x_wconf 87' lang='lat' dir='ltr'>perficiunt,</span> 
     </span>
     <span class='ocr_line' id='line_1_18' title="bbox 363 3254 2947 3343; baseline -0.002 -21"><span class='ocrx_word' id='word_1_124' title='bbox 363 3258 515 3323; x_wconf 91' lang='lat' dir='ltr'>libri</span> <span class='ocrx_word' id='word_1_125' title='bbox 558 3256 759 3321; x_wconf 93' lang='lat' dir='ltr'>XVII</span> <span class='ocrx_word' id='word_1_126' title='bbox 793 3266 859 3321; x_wconf 93' lang='lat' dir='ltr'>et</span> <span class='ocrx_word' id='word_1_127' title='bbox 890 3254 1129 3319; x_wconf 88' lang='lat' dir='ltr'>XVIII</span> <span class='ocrx_word' id='word_1_128' title='bbox 1170 3256 1568 3343; x_wconf 89' lang='lat' dir='ltr'>peculiarem</span> <span class='ocrx_word' id='word_1_129' title='bbox 1613 3263 1951 3341; x_wconf 86' lang='lat' dir='ltr'>exponunt</span> <span class='ocrx_word' id='word_1_130' title='bbox 1995 3257 2334 3336; x_wconf 87' lang='lat' dir='ltr'>materiam</span> <span class='ocrx_word' id='word_1_131' title='bbox 2377 3254 2497 3318; x_wconf 74' lang='lat' dir='ltr'>‘de</span> <span class='ocrx_word' id='word_1_132' title='bbox 2542 3254 2947 3318; x_wconf 86' lang='lat' dir='ltr'>ordinatione</span> 
     </span>
     <span class='ocr_line' id='line_1_19' title="bbox 364 3351 2949 3443; baseline -0.001 -21"><span class='ocrx_word' id='word_1_133' title='bbox 364 3360 503 3423; x_wconf 85' lang='lat' dir='ltr'>sive</span> <span class='ocrx_word' id='word_1_134' title='bbox 562 3359 1049 3424; x_wconf 86' lang='lat' dir='ltr'>constructione</span> <span class='ocrx_word' id='word_1_135' title='bbox 1103 3357 1489 3435; x_wconf 90' lang='lat' dir='ltr'>dictionum,</span> <span class='ocrx_word' id='word_1_136' title='bbox 1549 3378 1744 3443; x_wconf 87' lang='lat' dir='ltr'>quam</span> <span class='ocrx_word' id='word_1_137' title='bbox 1804 3356 2043 3422; x_wconf 83' lang='lat' dir='ltr'>Graeci</span> <span class='ocrx_word' id='word_1_138' title='bbox 2096 3351 2417 3433; x_wconf 82' lang='grc' dir='ltr'><strong><em>σύνταξιν</em></strong></span> <span class='ocrx_word' id='word_1_139' title='bbox 2468 3360 2740 3420; x_wconf 79' lang='lat' dir='ltr'>vocant&#39;</span> <span class='ocrx_word' id='word_1_140' title='bbox 2803 3354 2949 3438; x_wconf 87' lang='lat' dir='ltr'>(lib.</span> 
     </span>
     <span class='ocr_line' id='line_1_20' title="bbox 362 3454 2948 3548; baseline -0.002 -24"><span class='ocrx_word' id='word_1_141' title='bbox 362 3460 563 3525; x_wconf 89' lang='lat' dir='ltr'>XVII</span> <span class='ocrx_word' id='word_1_142' title='bbox 602 3464 644 3542; x_wconf 62' lang='grc' dir='ltr'>ἓ</span> <span class='ocrx_word' id='word_1_143' title='bbox 696 3462 787 3546; x_wconf 87' lang='grc'>1).</span> <span class='ocrx_word' id='word_1_144' title='bbox 876 3479 1008 3548; x_wconf 85' lang='lat' dir='ltr'>qua</span> <span class='ocrx_word' id='word_1_145' title='bbox 1059 3457 1130 3521; x_wconf 92' lang='lat' dir='ltr'>in</span> <span class='ocrx_word' id='word_1_146' title='bbox 1182 3460 1458 3522; x_wconf 89' lang='lat' dir='ltr'>materia</span> <span class='ocrx_word' id='word_1_147' title='bbox 1506 3457 1851 3522; x_wconf 88' lang='lat' dir='ltr'>tractanda</span> <span class='ocrx_word' id='word_1_148' title='bbox 1910 3478 2105 3545; x_wconf 89' lang='lat' dir='ltr'>quam</span> <span class='ocrx_word' id='word_1_149' title='bbox 2154 3466 2294 3521; x_wconf 87' lang='lat' dir='ltr'>arte</span> <span class='ocrx_word' id='word_1_150' title='bbox 2344 3456 2430 3521; x_wconf 92' lang='lat' dir='ltr'>ad</span> <span class='ocrx_word' id='word_1_151' title='bbox 2484 3454 2821 3543; x_wconf 90' lang='lat' dir='ltr'>Apollonii</span> <span class='ocrx_word' id='word_1_152' title='bbox 2866 3456 2948 3520; x_wconf 91' lang='lat' dir='ltr'>de</span> 
     </span>
     <span class='ocr_line' id='line_1_21' title="bbox 361 3557 2947 3650; baseline -0.003 -23"><span class='ocrx_word' id='word_1_153' title='bbox 361 3563 627 3650; x_wconf 84' lang='lat' dir='ltr'>syntaxi</span> <span class='ocrx_word' id='word_1_154' title='bbox 659 3561 864 3625; x_wconf 91' lang='lat' dir='ltr'>libros</span> <span class='ocrx_word' id='word_1_155' title='bbox 900 3580 1046 3624; x_wconf 88' lang='lat' dir='ltr'>sese</span> <span class='ocrx_word' id='word_1_156' title='bbox 1088 3558 1434 3646; x_wconf 86' lang='lat' dir='ltr'>applicarit</span> <span class='ocrx_word' id='word_1_157' title='bbox 1474 3559 1890 3640; x_wconf 89' lang='lat' dir='ltr'>Priscianus,</span> <span class='ocrx_word' id='word_1_158' title='bbox 1938 3559 2238 3645; x_wconf 85' lang='lat' dir='ltr'>quamvis</span> <span class='ocrx_word' id='word_1_159' title='bbox 2265 3559 2373 3625; x_wconf 73' lang='lat' dir='ltr'>‚‘si</span> <span class='ocrx_word' id='word_1_160' title='bbox 2417 3557 2579 3644; x_wconf 89' lang='lat' dir='ltr'>quid</span> <span class='ocrx_word' id='word_1_161' title='bbox 2622 3559 2817 3621; x_wconf 88' lang='lat' dir='ltr'>etiam</span> <span class='ocrx_word' id='word_1_162' title='bbox 2864 3580 2947 3621; x_wconf 86' lang='lat' dir='ltr'>ex</span> 
     </span>
     <span class='ocr_line' id='line_1_22' title="bbox 360 3661 2943 3748; baseline -0.002 -20"><span class='ocrx_word' id='word_1_163' title='bbox 360 3663 510 3728; x_wconf 88' lang='lat' dir='ltr'>aliis</span> <span class='ocrx_word' id='word_1_164' title='bbox 556 3661 661 3729; x_wconf 89' lang='lat' dir='ltr'>vel</span> <span class='ocrx_word' id='word_1_165' title='bbox 700 3684 786 3727; x_wconf 83' lang='lat' dir='ltr'>ex</span> <span class='ocrx_word' id='word_1_166' title='bbox 831 3682 900 3726; x_wconf 88' lang='lat' dir='ltr'>se</span> <span class='ocrx_word' id='word_1_167' title='bbox 943 3662 1087 3748; x_wconf 88' lang='lat' dir='ltr'>ipso</span> <span class='ocrx_word' id='word_1_168' title='bbox 1135 3682 1496 3745; x_wconf 90' lang='lat' dir='ltr'>congruum</span> <span class='ocrx_word' id='word_1_169' title='bbox 1534 3661 1896 3742; x_wconf 82' lang='lat' dir='ltr'>invenerit,</span> <span class='ocrx_word' id='word_1_170' title='bbox 1957 3681 2086 3725; x_wconf 93' lang='lat' dir='ltr'>non</span> <span class='ocrx_word' id='word_1_171' title='bbox 2131 3662 2451 3724; x_wconf 88' lang='lat' dir='ltr'>recusarit</span> <span class='ocrx_word' id='word_1_172' title='bbox 2494 3661 2943 3745; x_wconf 89' lang='lat' dir='ltr'>interponerc&#39;</span> 
     </span>
     <span class='ocr_line' id='line_1_23' title="bbox 362 3759 2945 3851; baseline -0.002 -22"><span class='ocrx_word' id='word_1_173' title='bbox 362 3774 427 3829; x_wconf 89' lang='lat' dir='ltr'>et</span> <span class='ocrx_word' id='word_1_174' title='bbox 467 3765 610 3851; x_wconf 85' lang='lat' dir='ltr'>ipse</span> <span class='ocrx_word' id='word_1_175' title='bbox 651 3763 997 3828; x_wconf 83' lang='lat' dir='ltr'>confitetur</span> <span class='ocrx_word' id='word_1_176' title='bbox 1039 3759 1088 3825; x_wconf 85' lang='lat' dir='ltr'>l.</span> <span class='ocrx_word' id='word_1_177' title='bbox 1119 3763 1552 3826; x_wconf 81' lang='lat' dir='ltr'>cummaxime</span> <span class='ocrx_word' id='word_1_178' title='bbox 1595 3761 1638 3825; x_wconf 92' lang='lat' dir='ltr'>l.</span> <span class='ocrx_word' id='word_1_179' title='bbox 1685 3770 1751 3824; x_wconf 89' lang='lat' dir='ltr'>et</span> <span class='ocrx_word' id='word_1_180' title='bbox 1782 3762 1952 3826; x_wconf 90' lang='lat' dir='ltr'>inter</span> <span class='ocrx_word' id='word_1_181' title='bbox 1998 3761 2221 3826; x_wconf 81' lang='lat' dir='ltr'>omnes</span> <span class='ocrx_word' id='word_1_182' title='bbox 2278 3770 2535 3826; x_wconf 87' lang='lat' dir='ltr'>constat</span> <span class='ocrx_word' id='word_1_183' title='bbox 2625 3762 2716 3845; x_wconf 87' lang='lat' dir='ltr'>(v.</span> <span class='ocrx_word' id='word_1_184' title='bbox 2751 3761 2945 3825; x_wconf 92' lang='lat' dir='ltr'>modo</span> 
     </span>
     <span class='ocr_line' id='line_1_24' title="bbox 359 3861 2942 3949; baseline -0.003 -18"><span class='ocrx_word' id='word_1_185' title='bbox 359 3867 513 3932; x_wconf 87' lang='lat' dir='ltr'>adn.</span> <span class='ocrx_word' id='word_1_186' title='bbox 554 3886 766 3930; x_wconf 89' lang='lat' dir='ltr'>meam</span> <span class='ocrx_word' id='word_1_187' title='bbox 819 3863 906 3927; x_wconf 92' lang='lat' dir='ltr'>ad</span> <span class='ocrx_word' id='word_1_188' title='bbox 948 3863 1164 3949; x_wconf 90' lang='lat' dir='ltr'>ipsum</span> <span class='ocrx_word' id='word_1_189' title='bbox 1208 3862 1270 3925; x_wconf 89' lang='lat' dir='ltr'>h.</span> <span class='ocrx_word' id='word_1_190' title='bbox 1314 3861 1412 3948; x_wconf 89' lang='grc'><strong>1.).</strong></span> <span class='ocrx_word' id='word_1_191' title='bbox 1459 3861 1796 3949; x_wconf 91' lang='lat' dir='ltr'>Apollonii</span> <span class='ocrx_word' id='word_1_192' title='bbox 1840 3865 2124 3947; x_wconf 88' lang='lat' dir='ltr'>vestigia</span> <span class='ocrx_word' id='word_1_193' title='bbox 2166 3884 2286 3949; x_wconf 90' lang='lat' dir='ltr'>per</span> <span class='ocrx_word' id='word_1_194' title='bbox 2335 3862 2573 3928; x_wconf 90' lang='lat' dir='ltr'>librum</span> <span class='ocrx_word' id='word_1_195' title='bbox 2620 3862 2942 3926; x_wconf 87' lang='lat' dir='ltr'>decimum</span> 
     </span>
     <span class='ocr_line' id='line_1_25' title="bbox 361 3963 2945 4054; baseline -0.002 -22"><span class='ocrx_word' id='word_1_196' title='bbox 361 3969 708 4054; x_wconf 86' lang='lat' dir='ltr'>septimum</span> <span class='ocrx_word' id='word_1_197' title='bbox 764 3964 1031 4030; x_wconf 88' lang='lat' dir='ltr'>assiduo</span> <span class='ocrx_word' id='word_1_198' title='bbox 1091 3963 1228 4028; x_wconf 88' lang='lat' dir='ltr'>fere</span> <span class='ocrx_word' id='word_1_199' title='bbox 1278 3966 1585 4050; x_wconf 88' lang='lat' dir='ltr'>persequi</span> <span class='ocrx_word' id='word_1_200' title='bbox 1642 3963 1828 4048; x_wconf 82' lang='lat' dir='ltr'>licet,</span> <span class='ocrx_word' id='word_1_201' title='bbox 1886 3966 2135 4029; x_wconf 90' lang='lat' dir='ltr'>rariora</span> <span class='ocrx_word' id='word_1_202' title='bbox 2193 3974 2344 4029; x_wconf 90' lang='lat' dir='ltr'>sunt</span> <span class='ocrx_word' id='word_1_203' title='bbox 2399 3964 2468 4028; x_wconf 91' lang='lat' dir='ltr'>in</span> <span class='ocrx_word' id='word_1_204' title='bbox 2511 3972 2695 4049; x_wconf 88' lang='lat' dir='ltr'>parte</span> <span class='ocrx_word' id='word_1_205' title='bbox 2729 3964 2945 4048; x_wconf 91' lang='lat' dir='ltr'>priore</span> 
     </span>
     <span class='ocr_line' id='line_1_26' title="bbox 360 4064 2947 4153; baseline -0.003 -20"><span class='ocrx_word' id='word_1_206' title='bbox 360 4069 513 4133; x_wconf 87' lang='lat' dir='ltr'>libri</span> <span class='ocrx_word' id='word_1_207' title='bbox 560 4068 777 4131; x_wconf 88' lang='lat' dir='ltr'>octavi</span> <span class='ocrx_word' id='word_1_208' title='bbox 830 4065 1097 4145; x_wconf 90' lang='lat' dir='ltr'>decimi,</span> <span class='ocrx_word' id='word_1_209' title='bbox 1154 4066 1341 4129; x_wconf 89' lang='lat' dir='ltr'>cuius</span> <span class='ocrx_word' id='word_1_210' title='bbox 1392 4073 1848 4149; x_wconf 89' lang='lat' dir='ltr'>argumentum</span> <span class='ocrx_word' id='word_1_211' title='bbox 1886 4067 1956 4129; x_wconf 90' lang='lat' dir='ltr'>in</span> <span class='ocrx_word' id='word_1_212' title='bbox 1998 4067 2138 4153; x_wconf 90' lang='lat' dir='ltr'>ipso</span> <span class='ocrx_word' id='word_1_213' title='bbox 2195 4064 2350 4129; x_wconf 93' lang='lat' dir='ltr'>libri</span> <span class='ocrx_word' id='word_1_214' title='bbox 2406 4064 2633 4129; x_wconf 88' lang='lat' dir='ltr'>limine</span> <span class='ocrx_word' id='word_1_215' title='bbox 2678 4065 2947 4151; x_wconf 79' lang='lat' dir='ltr'>exponit</span> 
     </span>
     <span class='ocr_line' id='line_1_27' title="bbox 360 4164 2946 4252; baseline -0.002 -18"><span class='ocrx_word' id='word_1_216' title='bbox 360 4169 774 4250; x_wconf 90' lang='lat' dir='ltr'>Priscianus,</span> <span class='ocrx_word' id='word_1_217' title='bbox 821 4166 1111 4231; x_wconf 90' lang='lat' dir='ltr'>eiusdem</span> <span class='ocrx_word' id='word_1_218' title='bbox 1144 4187 1302 4230; x_wconf 85' lang='lat' dir='ltr'>vero</span> <span class='ocrx_word' id='word_1_219' title='bbox 1331 4164 1483 4230; x_wconf 90' lang='lat' dir='ltr'>libri</span> <span class='ocrx_word' id='word_1_220' title='bbox 1512 4186 1665 4251; x_wconf 88' lang='lat' dir='ltr'>pars</span> <span class='ocrx_word' id='word_1_221' title='bbox 1693 4169 2013 4252; x_wconf 88' lang='lat' dir='ltr'>posterior</span> <span class='ocrx_word' id='word_1_222' title='bbox 2044 4190 2085 4231; x_wconf 92' lang='lat' dir='ltr'>a</span> <span class='ocrx_word' id='word_1_223' title='bbox 2114 4168 2411 4232; x_wconf 90' lang='lat' dir='ltr'>doctrina</span> <span class='ocrx_word' id='word_1_224' title='bbox 2444 4166 2530 4230; x_wconf 91' lang='lat' dir='ltr'>ad</span> <span class='ocrx_word' id='word_1_225' title='bbox 2573 4187 2764 4229; x_wconf 91' lang='lat' dir='ltr'>usum</span> <span class='ocrx_word' id='word_1_226' title='bbox 2802 4187 2946 4229; x_wconf 89' lang='lat' dir='ltr'>sese</span> 
     </span>
     <span class='ocr_line' id='line_1_28' title="bbox 360 4266 2945 4355; baseline -0.002 -19"><span class='ocrx_word' id='word_1_227' title='bbox 360 4279 749 4336; x_wconf 86' lang='lat' dir='ltr'>convertens</span> <span class='ocrx_word' id='word_1_228' title='bbox 793 4267 890 4331; x_wconf 91' lang='lat' dir='ltr'>nil</span> <span class='ocrx_word' id='word_1_229' title='bbox 926 4267 1056 4331; x_wconf 89' lang='lat' dir='ltr'>nisi</span> <span class='ocrx_word' id='word_1_230' title='bbox 1092 4266 1494 4351; x_wconf 89' lang='lat' dir='ltr'>farraginem</span> <span class='ocrx_word' id='word_1_231' title='bbox 1537 4268 1984 4355; x_wconf 83' lang='lat' dir='ltr'>exemplorum</span> <span class='ocrx_word' id='word_1_232' title='bbox 2031 4268 2328 4350; x_wconf 87' lang='lat' dir='ltr'>exhibet,</span> <span class='ocrx_word' id='word_1_233' title='bbox 2377 4268 2777 4334; x_wconf 82' lang='lat' dir='ltr'>Graecorum</span> <span class='ocrx_word' id='word_1_234' title='bbox 2825 4269 2945 4332; x_wconf 88' lang='lat' dir='ltr'>sci-</span> 
     </span>
     <span class='ocr_line' id='line_1_29' title="bbox 359 4369 2948 4451; baseline -0.001 -15"><span class='ocrx_word' id='word_1_235' title='bbox 359 4370 515 4436; x_wconf 89' lang='lat' dir='ltr'>licet</span> <span class='ocrx_word' id='word_1_236' title='bbox 559 4378 626 4434; x_wconf 89' lang='lat' dir='ltr'>et</span> <span class='ocrx_word' id='word_1_237' title='bbox 667 4369 1107 4435; x_wconf 82' lang='lat' dir='ltr'>Romanorum</span> <span class='ocrx_word' id='word_1_238' title='bbox 1144 4369 1692 4451; x_wconf 85' lang='lat' dir='ltr'>constructiones,</span> <span class='ocrx_word' id='word_1_239' title='bbox 1731 4379 1806 4434; x_wconf 89' lang='lat' dir='ltr'>ut</span> <span class='ocrx_word' id='word_1_240' title='bbox 1838 4372 1930 4434; x_wconf 91' lang='lat' dir='ltr'>ita</span> <span class='ocrx_word' id='word_1_241' title='bbox 1970 4369 2091 4435; x_wconf 89' lang='lat' dir='ltr'>hoc</span> <span class='ocrx_word' id='word_1_242' title='bbox 2123 4370 2326 4434; x_wconf 88' lang='lat' dir='ltr'>verbo</span> <span class='ocrx_word' id='word_1_243' title='bbox 2368 4371 2463 4433; x_wconf 89' lang='lat' dir='ltr'>uti</span> <span class='ocrx_word' id='word_1_244' title='bbox 2507 4370 2733 4448; x_wconf 83' lang='lat' dir='ltr'>liceat,</span> <span class='ocrx_word' id='word_1_245' title='bbox 2777 4372 2948 4434; x_wconf 90' lang='lat' dir='ltr'>inter</span> 
     </span>
     <span class='ocr_line' id='line_1_30' title="bbox 360 4469 2946 4558; baseline -0.002 -21"><span class='ocrx_word' id='word_1_246' title='bbox 360 4494 431 4537; x_wconf 90' lang='lat' dir='ltr'>se</span> <span class='ocrx_word' id='word_1_247' title='bbox 471 4479 881 4558; x_wconf 84' lang='lat' dir='ltr'>comparatas</span> <span class='ocrx_word' id='word_1_248' title='bbox 925 4469 1415 4535; x_wconf 89' lang='lat' dir='ltr'>illustrantium.</span> <span class='ocrx_word' id='word_1_249' title='bbox 1506 4492 1701 4556; x_wconf 91' lang='lat' dir='ltr'>quam</span> <span class='ocrx_word' id='word_1_250' title='bbox 1734 4480 2094 4535; x_wconf 82' lang='lat' dir='ltr'>extremam</span> <span class='ocrx_word' id='word_1_251' title='bbox 2130 4472 2347 4557; x_wconf 91' lang='lat' dir='ltr'>operis</span> <span class='ocrx_word' id='word_1_252' title='bbox 2390 4472 2493 4535; x_wconf 86' lang='lat' dir='ltr'>sui</span> <span class='ocrx_word' id='word_1_253' title='bbox 2523 4480 2772 4558; x_wconf 88' lang='lat' dir='ltr'>partem</span> <span class='ocrx_word' id='word_1_254' title='bbox 2804 4472 2946 4556; x_wconf 88' lang='lat' dir='ltr'>ipse</span> 
     </span>
     <span class='ocr_line' id='line_1_31' title="bbox 361 4569 2947 4659; baseline -0.002 -22"><span class='ocrx_word' id='word_1_255' title='bbox 361 4573 812 4653; x_wconf 77' lang='lat' dir='ltr'>‘Atticismos,</span> <span class='ocrx_word' id='word_1_256' title='bbox 869 4572 1108 4658; x_wconf 90' lang='lat' dir='ltr'>quibus</span> <span class='ocrx_word' id='word_1_257' title='bbox 1166 4571 1446 4636; x_wconf 86' lang='lat' dir='ltr'>Romani</span> <span class='ocrx_word' id='word_1_258' title='bbox 1505 4593 1763 4659; x_wconf 90' lang='lat' dir='ltr'>quoque</span> <span class='ocrx_word' id='word_1_259' title='bbox 1822 4580 2127 4636; x_wconf 88' lang='lat' dir='ltr'>utuntur&#39;</span> <span class='ocrx_word' id='word_1_260' title='bbox 2195 4573 2489 4637; x_wconf 88' lang='lat' dir='ltr'>nominat</span> <span class='ocrx_word' id='word_1_261' title='bbox 2541 4570 2656 4635; x_wconf 89' lang='lat' dir='ltr'>lib.</span> <span class='ocrx_word' id='word_1_262' title='bbox 2711 4569 2947 4634; x_wconf 93' lang='lat' dir='ltr'>XVIII</span> 
     </span>
     <span class='ocr_line' id='line_1_32' title="bbox 360 4673 3074 4760; baseline -0.001 -22"><span class='ocrx_word' id='word_1_263' title='bbox 360 4678 402 4756; x_wconf 62' lang='grc' dir='ltr'>ἓ</span> <span class='ocrx_word' id='word_1_264' title='bbox 444 4679 548 4740; x_wconf 85' lang='grc'>50.</span> <span class='ocrx_word' id='word_1_265' title='bbox 637 4673 726 4737; x_wconf 92' lang='lat' dir='ltr'>ad</span> <span class='ocrx_word' id='word_1_266' title='bbox 775 4693 937 4760; x_wconf 92' lang='lat' dir='ltr'>quos</span> <span class='ocrx_word' id='word_1_267' title='bbox 993 4694 1139 4737; x_wconf 90' lang='lat' dir='ltr'>cum</span> <span class='ocrx_word' id='word_1_268' title='bbox 1198 4673 1266 4736; x_wconf 90' lang='lat' dir='ltr'>in</span> <span class='ocrx_word' id='word_1_269' title='bbox 1325 4673 1765 4738; x_wconf 89' lang='lat' dir='ltr'>anterioribus</span> <span class='ocrx_word' id='word_1_270' title='bbox 1812 4695 2070 4760; x_wconf 89' lang='lat' dir='ltr'>quoque</span> <span class='ocrx_word' id='word_1_271' title='bbox 2114 4674 2426 4760; x_wconf 86' lang='lat' dir='ltr'>spectarit</span> <span class='ocrx_word' id='word_1_272' title='bbox 2476 4674 2572 4760; x_wconf 90' lang='lat' dir='ltr'>(v.</span> <span class='ocrx_word' id='word_1_273' title='bbox 2605 4676 2646 4752; x_wconf 66' lang='grc' dir='ltr'>ξ</span> <span class='ocrx_word' id='word_1_274' title='bbox 2678 4675 2759 4736; x_wconf 90' lang='grc'>99</span> <span class='ocrx_word' id='word_1_275' title='bbox 2801 4692 2946 4735; x_wconf 89' lang='lat' dir='ltr'>cum</span> <span class='ocrx_word' id='word_1_276' title='bbox 3063 4754 3074 4760; x_wconf 13' lang='grc' dir='ltr'>ἢ</span> 
     </span>
     <span class='ocr_line' id='line_1_33' title="bbox 363 4770 2948 4862; baseline -0.003 -23"><span class='ocrx_word' id='word_1_277' title='bbox 363 4797 505 4862; x_wconf 87' lang='lat' dir='ltr'>sqq.</span> <span class='ocrx_word' id='word_1_278' title='bbox 556 4776 673 4838; x_wconf 84' lang='lat'>122</span> <span class='ocrx_word' id='word_1_279' title='bbox 716 4796 865 4839; x_wconf 87' lang='lat' dir='ltr'>cum</span> <span class='ocrx_word' id='word_1_280' title='bbox 912 4774 1121 4860; x_wconf 87' lang='lat' dir='ltr'>sqq.),</span> <span class='ocrx_word' id='word_1_281' title='bbox 1163 4773 1318 4837; x_wconf 90' lang='lat' dir='ltr'>data</span> <span class='ocrx_word' id='word_1_282' title='bbox 1358 4781 1577 4837; x_wconf 89' lang='lat' dir='ltr'>tamen</span> <span class='ocrx_word' id='word_1_283' title='bbox 1620 4796 1821 4860; x_wconf 90' lang='lat' dir='ltr'>opera</span> <span class='ocrx_word' id='word_1_284' title='bbox 1860 4779 1901 4856; x_wconf 66' lang='grc' dir='ltr'><strong><em>ξ</em></strong></span> <span class='ocrx_word' id='word_1_285' title='bbox 1951 4778 2066 4837; x_wconf 86' lang='grc'>157</span> <span class='ocrx_word' id='word_1_286' title='bbox 2109 4774 2368 4838; x_wconf 89' lang='lat' dir='ltr'>demum</span> <span class='ocrx_word' id='word_1_287' title='bbox 2406 4774 2638 4860; x_wconf 91' lang='lat' dir='ltr'>incipit</span> <span class='ocrx_word' id='word_1_288' title='bbox 2677 4770 2948 4835; x_wconf 73' lang='lat' dir='ltr'>‘multos</span> 
     </span>
     <span class='ocr_line' id='line_1_34' title="bbox 369 4872 2948 4963; baseline -0.003 -23"><span class='ocrx_word' id='word_1_289' title='bbox 369 4884 434 4940; x_wconf 88' lang='lat' dir='ltr'>et</span> <span class='ocrx_word' id='word_1_290' title='bbox 478 4876 777 4942; x_wconf 86' lang='lat' dir='ltr'>diversos</span> <span class='ocrx_word' id='word_1_291' title='bbox 829 4896 988 4941; x_wconf 84' lang='lat' dir='ltr'>usus</span> <span class='ocrx_word' id='word_1_292' title='bbox 1029 4874 1113 4940; x_wconf 82' lang='lat' dir='ltr'>ab</span> <span class='ocrx_word' id='word_1_293' title='bbox 1163 4874 1542 4940; x_wconf 88' lang='lat' dir='ltr'>auctoribus</span> <span class='ocrx_word' id='word_1_294' title='bbox 1593 4876 1937 4963; x_wconf 86' lang='lat' dir='ltr'>utriusque</span> <span class='ocrx_word' id='word_1_295' title='bbox 1994 4874 2257 4961; x_wconf 89' lang='lat' dir='ltr'>linguae</span> <span class='ocrx_word' id='word_1_296' title='bbox 2310 4874 2619 4961; x_wconf 89' lang='lat' dir='ltr'>colligere</span> <span class='ocrx_word' id='word_1_297' title='bbox 2663 4872 2948 4936; x_wconf 89' lang='lat' dir='ltr'>omnium</span> 
     </span>
    </p>
   </div>
   <div class='ocr_carea' id='block_1_4' title="bbox 2893 5161 3340 5456">
    <p class='ocr_par' dir='ltr' id='par_1_5' title="bbox 2893 5161 3340 5456">
     <span class='ocr_line' id='line_1_35' title="bbox 2893 5161 3340 5456; baseline 0.043 -225"><span class='ocrx_word' id='word_1_298' title='bbox 2893 5161 3340 5456; x_wconf 40' lang='grc' dir='ltr'><em>Γ</em></span> 
     </span>
    </p>
   </div>
  </div>
 </body>
</html>
