3576 5595
1128 438 1225 502 DE
1282 437 1743 503 ACCENTIBVS
1790 436 2035 501 LlBER.
2084 450 2309 505 34-—43
2887 434 3010 499 527

522 570 563 610 p.
588 555 703 596 1297.
723 555 774 597 os
796 548 883 598 νδ
2588 568 2631 608 p.
2654 554 2824 596 379-st
2852 556 2905 597 Κ.

420 627 808 688 reddideram.
900 627 1298 709 [excipiuntur
1345 628 1540 688 relavo
1586 627 1776 688 revivo
1804 672 1818 700 ,
1868 644 2018 704 quae
2062 626 2122 687 in
2170 628 2486 707 praeterito
2532 628 2617 687 sic
2660 636 2902 701 exeunt,
2947 635 3012 688 ut

421 729 595 790 relavi
643 730 837 789 revixi.
929 740 1207 790 secuntur
1251 730 1421 789 etiam
1468 729 1728 806 regulam
1772 730 2171 807 superiorem,
2216 737 2280 789 ut
2324 727 2518 789 relavo
2564 729 2774 802 relavi,
2821 728 3011 789 revivo

420 829 647 909 revixi]
740 829 1024 909 excipitur
1069 831 1291 905 relavo,
1335 831 1490 907 quod
1537 831 1596 889 in
1640 830 1958 909 praeterito
2019 832 2282 910 perfecto
2330 838 2386 890 et
2432 830 3009 909 plusquamperfecto

421 941 477 991 et
522 951 638 991 uno
684 933 879 992 futuro
926 932 1079 991 modi
1128 931 1475 991 coniunctivi
1510 927 1536 1013 ll
1567 930 1618 989 la
1661 930 1940 1009 syllabam
1983 931 2217 1009 longam
2265 931 2472 1004 habet,
2518 931 2576 991 in
2618 932 2829 991 ceteris
2873 950 3010 991 vero

375 1048 398 1083 τ»
420 1033 610 1093 modis
655 1041 712 1092 et
754 1032 1114 1112 temporibus
1146 1033 1468 1105 breviatur,
1511 1040 1575 1091 ut
1613 1031 1788 1092 relavi
1828 1030 2160 1115 relavelram
2194 1033 2473 1094 relavero.
2537 1041 2814 1092 notantur
2844 1051 3006 1091 nam-
3045 1034 3112 1085 39

420 1152 534 1211 que
586 1152 736 1211 (luae
797 1135 853 1193 in
916 1134 1404 1211 simplici‘figura
1453 1144 1590 1194 sunt
1640 1133 1846 1211 longa,
1908 1134 2037 1210 quia
2084 1134 2269 1213 ipsam
2314 1134 2793 1213 productionem,
2836 1152 3008 1211 quam

420 1235 639 1295 habent
698 1236 758 1295 in
820 1234 1223 1313 simplicitate,
1288 1236 1539 1295 retinent
1600 1235 1658 1294 in
1719 1235 2166 1313 compositione.
2260 1236 2361 1295 sed
2422 1236 2594 1295 etiam
2653 1236 3011 1315 praepositio

420 1338 653 1414 quando
712 1336 1084 1415 componitur
1138 1355 1270 1395 cum
1330 1336 1587 1414 qnalibet
1652 1346 1822 1416 parte
1879 1335 2190 1409 orationis,
2248 1336 2436 1414 qualis
2482 1337 2607 1416 ipsa
2653 1337 3011 1416 praepositio

420 1448 537 1510 est,
582 1438 714 1497 talis
753 1446 1018 1496 remanet
1060 1437 1120 1497 in
1166 1439 1622 1517 compositione,
1672 1447 1735 1498 ut
1778 1438 2001 1499 redimo
2045 1438 2324 1498 inhaereo
2371 1438 2666 1498 subverto.

354 1553 402 1591 ιο
551 1538 759 1597 Omnia
786 1538 958 1598 verba
985 1540 1277 1598 secundae
1310 1540 1756 1615 coniugationis‚
1777 1558 1926 1618 quae
1955 1539 2014 1599 in
2040 1559 2104 1600 es
2127 1538 2344 1617 syllaba
2370 1540 2651 1600 finiuntur
2674 1540 2731 1599 in
2748 1540 3004 1600 secunda
3045 1552 3112 1602 40

421 1640 749 1717 praesentis
788 1632 1096 1719 temporis,
1141 1640 1199 1699 in
1238 1640 1547 1718 trisyllabis
1587 1650 1643 1701 et
1679 1640 2066 1718 tetrasyllabis
2109 1640 2196 1700 vel
2226 1641 2398 1701 etiam
2441 1640 2815 1719 polysyllabis
2854 1641 3012 1701 inve-

423 1741 679 1804 niuntur.
713 1750 772 1801 et
802 1742 993 1801 omnia
1026 1742 1086 1802 in
1120 1741 1478 1820 paenultimo
1510 1742 1937 1821 corripiuntur,
1980 1749 2042 1802 ut
2073 1742 2256 1803 rubeo
2291 1742 2479 1802 habeo
2511 1742 2733 1803 misceo
2764 1741 3012 1820 langueo

419 1842 582 1901 iaceo
625 1843 806 1920 rige0.
858 1844 957 1902 sed
987 1862 1093 1923 per
1121 1854 1347 1919 ceteros
1380 1845 1585 1904 modos
1612 1843 1947 1922 superiores
1978 1844 2279 1917 formulaS,
2317 1861 2464 1920 quas
2510 1843 2567 1902 in
2599 1844 2785 1923 prima
2809 1845 3013 1904 coniu-

421 1944 654 2021 gatione
690 1945 1170 2023 subscripsimuS‚
1210 1952 1504 2004 secuntur.
1551 1952 1827 2004 notantur
1851 1945 1997 2004 haec
2034 1964 2184 2022 quae
2210 1945 2267 2005 in
2304 1944 2624 2023 praeterito
2658 1946 2921 2024 perfecto
2956 1955 3014 2005 et
3063 1974 3078 1992 ·

354 2058 403 2098 ¹⁵
425 2044 1003 2125 plusquamperfecto
1028 2054 1085 2105 et
1112 2046 1171 2105 in
1202 2065 1317 2105 uno
1342 2046 1536 2106 futuro
1571 2046 1723 2104 modi
1755 2043 2104 2106 coniunctivi
2135 2045 2542 2126 producuntur
2565 2053 2624 2105 et
2644 2045 2703 2105 in
2732 2046 3012 2125 simplici·

422 2154 537 2205 tate
562 2156 617 2207 et
646 2148 704 2206 in
738 2148 1179 2226 compositione,
1217 2147 1277 2206 in
1313 2147 1523 2206 ceteris
1555 2155 1747 2207 autem
1779 2148 2145 2226 temporibus
2174 2148 2512 2208 breviantur
2543 2147 2649 2222 sic,
2682 2148 2858 2209 sedeo
2885 2149 3009 2208 sedi

422 2248 685 2309 sederam
721 2249 950 2321 sedere,
980 2250 1207 2309 resideo
1231 2248 1421 2308 resedi
1448 2249 1779 2309 resederam
1798 2250 2094 2323 resedere,
2122 2268 2297 2309 caveo
2332 2250 2452 2309 cavi
2490 2268 2753 2310 caveram
2781 2238 3007 2310 cavere.

589 2350 772 2410 Verba
823 2351 1024 2410 tertiae
1072 2350 1527 2428 coiiiugationiS‚
1579 2369 1728 2427 quae
1772 2350 1831 2410 in
1879 2350 2137 2410 secunda
2185 2369 2436 2430 persona
2485 2352 2816 2430 praesentis
2864 2360 3011 2411 tem·
3039 2374 3169 2426 V4l

424 2451 584 2529 poris
626 2450 674 2511 is
723 2452 940 2530 syllaba
989 2452 1297 2525 finiuntur,
1345 2451 1768 2530 corripiuntur,
1808 2446 1820 2530 l
1860 2451 1970 2511 nisi
2006 2452 2297 2531 positione
2342 2452 2459 2511 siut
2504 2452 2706 2530 longa,
2766 2462 3010 2533 excepto

350 2572 401 2611 20
424 2546 736 2631 praeterito
784 2554 1125 2631 imperfecto
1180 2553 1472 2613 indicativi
1516 2554 1698 2625 modi,
1756 2552 1857 2612 ubi
1903 2572 2139 2631 semper
2179 2553 2533 2632 paenultima
2572 2554 2790 2632 syllaba
2833 2554 3010 2633 longa

422 2654 562 2725 erit,
621 2664 685 2713 ut
745 2644 936 2714 tribuo
994 2654 1319 2715 tribuebam
1379 2654 1551 2714 tribui
1608 2653 1944 2713 tribueram.
2036 2662 2314 2713 notantur
2369 2663 2568 2713 autem
2618 2674 2768 2733 quae
2831 2656 2889 2715 in
2935 2657 3009 2717 ivi

421 2755 507 2816 vel
559 2755 643 2815 evi
702 2765 916 2817 exeunt
958 2757 1015 2817 in
1063 2757 1409 2836 praeteritO,
1459 2775 1607 2834 quae
1652 2756 2097 2836 productionem
2145 2762 2377 2816 servant
2415 2756 2474 2816 in
2523 2758 2731 2818 eodem
2777 2767 3007 2838 praete·

419 2856 531 2916 rito
584 2859 843 2935 perfecto
903 2859 1164 2919 eiusdem
1213 2860 1396 2932 modi,
1455 2867 1518 2919 ut
1558 2859 1727 2937 cupio
1774 2857 1994 2937 cupivi,
2036 2858 2275 2935 quiesco
2321 2858 2541 2935 quievi,
2590 2860 2756 2938 sapio
2803 2860 3002 2938 sapivi.
3041 2877 3111 2926 42

422 2967 613 3018 cetera
657 2978 790 3019 vero
834 2960 1065 3019 brevem
1104 2960 1213 3020 sibi
1255 2961 1514 3038 regulam
1561 2960 1910 3033 defendunt,
1957 2959 2067 3019 nisi
2114 2960 2404 3038 positione
2453 2960 2686 3037 longam
2735 2961 3007 3035 babeant,

350 3078 401 3117 25
425 3067 488 3119 ut
533 3069 844 3121 contemno
901 3063 1258 3142 contempsi,
1310 3080 1450 3140 gero
1507 3062 1679 3140 gessi.
1773 3062 2140 3141 excipiuntur
2188 3062 2361 3134 haec,
2406 3080 2556 3139 quae
2602 3062 2658 3122 in
2711 3065 3007 3141 praesenti

422 3169 685 3240 tempore
732 3172 788 3222 et
830 3164 888 3222 in
931 3164 1140 3223 ceteris
1172 3164 1535 3243 temporibus
1579 3164 1942 3238 breviantur,
1991 3164 2048 3223 in
2096 3164 2411 3242 praeterito
2437 3166 2702 3243 perfecto
2746 3173 2804 3224 et
2845 3165 3012 3244 plus-

421 3265 859 3342 quamperfecto
906 3273 962 3325 et
1013 3265 1072 3324 in
1119 3285 1234 3327 uno
1284 3267 1478 3326 futuro
1528 3266 1683 3326 modi
1732 3265 2078 3325 coniunctivi
2132 3266 2561 3344 producuntur.
2609 3275 2675 3325 ut
2717 3265 2847 3343 lego
2893 3257 3037 3344 legi‘

419 3364 673 3441 legeram
711 3365 941 3441 legem,
990 3366 1173 3448 fajlcio
1208 3368 1317 3428 feci
1362 3370 1614 3430 feceram
1660 3370 1884 3444 fecer03
1932 3368 2197 3428 similiter
2239 3367 2395 3443 fugio
2440 3367 2557 3444 fugi
2608 3368 2868 3445 fugeram
2918 3370 3008 3428 fu—

420 3485 591 3542 gere,
635 3466 820 3538 fodio‚
868 3485 1010 3542 ag0‚
1064 3487 1212 3529 emo.
1305 3469 1377 3529 ab
1410 3471 1504 3530 bis
1548 3489 1781 3549 quoque
1819 3469 2035 3548 regulis
2081 3470 2415 3548 discrepant
2456 3468 2572 3529 duo
2603 3469 2806 3543 verba,
2853 3488 3007 3547 quae

348 3583 399 3622 30
421 3566 476 3626 in
526 3567 837 3645 praeterito
885 3566 1221 3628 breviantur
1280 3579 1338 3636 et
1389 3572 1447 3631 in
1496 3573 1788 3650 praesenti
1837 3572 2261 3653 producuntur,
2304 3590 2459 3650 pono
2503 3580 2562 3631 et
2600 3590 2765 3647 cogo.
2856 3571 3001 3632 dici·
3037 3578 3107 3628 43

419 3687 551 3729 nius
599 3669 750 3727 enim
795 3687 1017 3748 repono
1067 3670 1303 3748 reposui
1350 3680 1406 3731 et
1457 3693 1670 3752 recogo
1715 3675 1966 3753 recoegi.
2058 3693 2126 3733 co
2161 3692 2297 3734 vero
2342 3673 2557 3752 syllaba
2600 3673 2660 3733 in
2703 3675 3004 3753 praesenti

421 3769 592 3847 longa
636 3777 693 3828 et
733 3769 791 3828 in
833 3769 1146 3848 praeterito
1193 3771 1385 3831 brevis
1432 3783 1539 3834 est.
1606 3776 1875 3837 similiter
1918 3795 2055 3836 vero
2095 3776 2199 3836 alia
2248 3777 2362 3835 duo
2397 3774 2567 3833 verba
2616 3775 3001 3853 excipiuntur,

421 3889 568 3947 quae
602 3878 739 3932 sunt
772 3871 993 3950 primae
1035 3871 1492 3956 coniugationis,
1528 3895 1676 3953 quae
1709 3879 1912 3948 etiam,
1959 3887 2023 3939 ut
2057 3878 2386 3957 superiora,
2423 3876 2702 3955 producta
2734 3875 2791 3934 in
2835 3894 3004 3954 prae·

422 3974 570 4032 senti
635 3984 693 4032 et
750 3973 806 4032 in
865 3973 1180 4052 praeterito
1231 3984 1532 4055 correpta,
1590 3979 1665 4037 do
1711 3992 1767 4039 et
1816 3990 1936 4041 sto:
2007 3980 2256 4039 dicimus
2308 3977 2459 4039 enim
2514 3977 2692 4037 reddo
2755 3977 3001 4051 reddidi,

352 4094 402 4133 35
422 4085 580 4135 resto
619 4074 827 4135 restiti.
919 4075 1240 4136 notandum
1286 4085 1375 4136 est
1418 4097 1700 4156 namque,
1735 4082 1890 4158 quod
1925 4082 2114 4142 omnis
2152 4081 2361 4153 dictio.
2409 4098 2556 4157 quae
2591 4079 2649 4138 in
2688 4077 3002 4155 trisyllabis

422 4186 480 4234 et
524 4176 582 4236 in
642 4176 853 4237 ceteris
901 4178 1270 4256 polysyllabis
1319 4187 1436 4252 est,
1500 4183 2055 4259 antepacnultimam
2111 4204 2214 4245 seu
2262 4184 2599 4263 productam
2657 4199 2760 4241 seu
2806 4198 3002 4240 corre-

589 4312 610 4361 l
648 4313 965 4362 reddideram
996 4314 1317 4363 reddebimus
1356 4314 1628 4364 reddcbitis
1660 4317 1713 4364 H
1888 4319 1920 4368 3
1962 4322 2211 4386 excipitur
2254 4321 2412 4369 rclnui
2447 4318 2605 4368 reuixi
2646 4316 2778 4380 quod
2819 4315 2862 4366 G

420 4382 450 4428 ἵ)
486 4382 777 4430 breuiantur
813 4393 867 4431 ut
902 4384 1059 4432 relaui
1098 4385 1373 4433 relaneram
1411 4384 1704 4435 relauabitis
1738 4387 2040 4438 relauabunt
2067 4400 2302 4439 notantur
2333 4390 2432 4440 GII
2574 4387 2633 4438 10
2670 4402 2722 4436 es
2757 4386 3000 4436 finiuntur

420 4451 469 4498 in
508 4452 731 4499 secunda
761 4452 956 4514 syllaba
994 4455 1277 4517 praesentis
1317 4452 1417 4502 GH
1569 4454 1631 4503 12
1661 4456 1986 4507 inveniuntur
2020 4470 2070 4507 et
2108 4475 2198 4509 om.
2234 4461 2276 4510 G
2442 4459 2500 4510 15
2533 4468 2580 4507 et
2613 4457 2998 4523 plusquamper-

420 4519 549 4568 fecto
601 4536 692 4569 om.
731 4521 857 4582 GH,
905 4523 1025 4570 add.
1058 4533 1091 4577 ς
1274 4522 1333 4571 17
1373 4538 1604 4572 cancrum
1654 4524 1835 4574 cauere
1876 4527 1990 4576 lano
2031 4528 2133 4576 lani
2170 4530 2392 4579 laueram
2432 4531 2597 4578 laucro
2632 4529 2731 4578 Gll
2768 4539 2998 4574 caucram

419 4604 601 4638 cancro
654 4604 817 4639 uoueo
870 4593 986 4639 noui
1039 4606 1279 4641 noueram
1334 4607 1522 4641 noucro
1572 4594 1721 4644 uideo
1757 4595 1863 4643 uidi
1910 4597 2135 4646 uideram
2174 4599 2348 4648 uidero
2389 4613 2421 4655 ς
2600 4598 2659 4648 18
2694 4598 2741 4646 in
2780 4594 3001 4645 secunda

418 4673 636 4723 persona
670 4661 955 4723 praesentis
990 4664 1232 4725 temporis
1268 4677 1359 4710 om.
1402 4663 1503 4712 GH
1625 4664 1687 4713 19
1725 4664 1968 4713 finiuntur
2003 4667 2046 4714 si
2085 4667 2132 4714 iu
2175 4668 2450 4730 trisyllabis
2487 4669 2567 4718 uel
2606 4669 2656 4717 in
2688 4665 3002 4733 polisyllabis

418 4728 1005 4792 ueniunt‘corripiuntur
1029 4746 1061 4781 ς
1167 4732 1235 4779 20
1271 4733 1543 4796 praeterito
1583 4733 1876 4798 imperfecto
1912 4737 2195 4798 praesentis
2228 4737 2467 4800 temporis
2509 4738 2668 4786 ubiH
2767 4737 2830 4786 21
2873 4749 3004 4799 quae

419 4798 469 4843 in
500 4837 510 4848 ‚
538 4798 591 4845 ni
618 4832 628 4842 .
661 4797 762 4843 GM
866 4797 933 4847 36
967 4799 1293 4862 polysyllabis
1318 4816 1381 4848 ex
1411 4811 1524 4850 autc
1555 4802 1829 4866 penultima
1851 4817 1941 4852 seu
1965 4803 2260 4867 productam
2288 4820 2376 4852 seu
2402 4817 2682 4871 correptam
2716 4808 2918 4856 licenter
2953 4806 3002 4852 in

416 4876 576 4913 mctro
605 4864 798 4928 profert
826 4868 1023 4928 pot-tica
1044 4878 1119 4916 est
1145 4867 1327 4916 fiducia
1352 4871 1413 4920 ll
1430 4870 1760 4934 polysyllabis
1794 4889 1920 4935 quae
1946 4888 2008 4920 ex
2034 4873 2430 4936 ante-penultima
2457 4891 2547 4923 seu
2581 4878 2876 4941 productam
2915 4890 3006 4922 scu

413 4943 695 4999 correptam
729 4933 913 4982 liabent
952 4935 1067 4983 licet
1094 4936 1143 4982 in
1184 4944 1341 4985 metro
1376 4939 1597 5002 proferri
1633 4943 1830 5006 poetica
1867 4941 2048 4990 fiducia
2076 4943 2118 4992 G
2152 4943 2484 5005 polysyllabis
2520 4947 2627 4995 exit
2665 4943 3004 5010 antepenulti-
