3576 5595
1351 426 1578 488 LIBER
1623 428 1773 489 XVII
1820 437 2054 493 49—52
2881 429 2999 492 139

516 554 560 593 p.
591 542 701 582 1060.
731 542 776 580 m
810 541 855 581 P.
2599 559 2644 598 p.
2674 546 2736 587 ss.
2760 546 2814 586 ss
2842 546 2896 586 κ.

583 612 836 683 ‘Quoad'
883 630 1119 691 quoque
1158 623 1216 673 et
1258 613 1548 674 infinitum
1593 623 1652 674 et
1695 615 2173 693 interrogativum
2215 624 2274 677 et
2311 615 2613 677 relativum
2659 626 2787 680 est..
2848 616 3000 678 acci-

415 716 574 795 pitur
615 713 768 774 enim
817 735 921 795 pro
967 717 1350 794 ‘quousque'
1397 724 1455 776 et
1500 735 1606 795 pro
1649 717 1978 795 ‘quando’,
2022 718 2178 795 quod
2226 716 2512 796 triplicem
2556 718 2734 779 habet
2779 720 3000 799 signifi·

416 798 735 891 cationem',
783 826 848 878 ut
888 818 1272 879 ostendimus·
1349 818 1759 880 Terentius
1813 818 1871 878 in
1912 819 2392 881 Phormione:

1463 996 1468 1000 .
2077 919 2293 999 quid?
2340 940 2596 983 senem

363 1044 389 1082 5
723 1021 973 1091 Quoad
1021 1020 1447 1101 expectatis
1495 1020 1869 1084 vestrum?
2095 1028 2112 1035 “

417 1123 827 1200 interrogative
890 1122 1047 1182 dixit.
1150 1122 1305 1184 idem
1365 1132 1421 1183 et
1481 1124 1782 1185 relativum
1842 1134 1961 1197 est,
2033 1132 2096 1184 ut
2158 1125 2384 1203 ‘quoad
2451 1127 2702 1200 iussisti,
2768 1129 2997 1208 parni’,
3035 1126 3098 1185 ὦ

416 1226 734 1287 infinitum:
797 1224 1026 1303 ‘quoad
1081 1224 1250 1298 libet,
1312 1224 1506 1285 scribo
1527 1228 1567 1285 '.
1658 1225 2380 1305 similiter‘quousque’,
2440 1231 2665 1306 ‘usque
2716 1228 2787 1289 ad
2845 1231 3002 1309 quod

417 1330 687 1407 tempus’
744 1325 829 1386 vel
882 1328 1105 1404 ‘usque
1166 1327 1238 1387 ad
1296 1345 1469 1404 quem
1513 1326 1778 1402 locum’,
1838 1335 1897 1389 et
1952 1329 2434 1407 interrogativum
2489 1338 2547 1389 et
2595 1330 2896 1392 relativum
2947 1341 3006 1393 et

418 1430 708 1491 infinitum
760 1437 956 1508 potest
1012 1448 1177 1490 esse:
1232 1429 1742 1507 interrogativum,
1793 1438 1861 1492 ut
1915 1431 2174 1492 Cicero
2235 1431 2293 1490 in
2353 1431 2378 1491 I
2434 1432 3001 1496 invectivarum:

344 1549 809 1611 ioquousque
874 1532 1169 1591 tandem
1234 1530 1585 1603 abutere,
1662 1530 2024 1605 Catilina,
2096 1521 2473 1612 patientia
2531 1533 2839 1594 nostra?
2912 1555 3006 1596 re-

419 1635 698 1707 lativum,⁸
750 1641 813 1693 ut
867 1638 1213 1711 ‘quousque
1257 1633 1445 1694 visum
1492 1641 1580 1693 est
1637 1634 1900 1708 doctori,
1958 1634 2133 1696 didici
2151 1639 2192 1708 ',
2250 1635 2572 1708 inlinitum,
2635 1643 2697 1694 ut
2751 1636 3005 1714 ‘quous-

419 1755 535 1814 que
610 1735 871 1795 videatur
949 1735 1090 1808 tibi,
1152 1734 1382 1795 venio'.
1484 1742 1544 1795 et
1604 1736 1811 1797 localia
1883 1736 2133 1815 quidem»
2187 1737 2456 1797 adverbia
2530 1736 3003 1815 frequentissime

420 1857 526 1918 pro
568 1833 595 1919 ΙΙ
640 1832 1058 1916 temporalibus
1115 1845 1346 1917 ponunt
1403 1844 1711 1911 auctores,
1783 1836 2129 1919 temporalia
2177 1857 2315 1898 vero
2366 1823 2473 1918 pro
2521 1838 2816 1921 'localibus
2864 1858 3007 1902 nus-

420 1959 625 2018 quam,
674 1947 737 2000 ut
778 1939 1139 2016 Virgilius
1183 1939 1250 2000 in
1288 1938 1364 2000 V:
2908 1934 2916 1942 ’

349 2059 393 2098 15
725 2041 858 2100 Hic
903 2041 1143 2120 patris
1183 2043 1474 2101 Aeneae
1518 1996 1961 2121 suspensam
2006 2039 2283 2102 blanda
2326 2039 2665 2103 vicissim

727 2143 1009 2203 Gaudia
1051 2150 1571 2222 pertemptant
1608 2151 1963 2217 mentem,

420 2246 589 2307 ‘liic'
636 2264 742 2324 pro
783 2246 993 2306 ‘tunc'.
1083 2245 1235 2305 idem
1284 2246 1344 2305 in
1383 2226 1444 2305 11
1488 2245 1893 2307 Aeneidos:
2367 2263 2395 2281 ·

723 2346 901 2408 Inde
948 2355 1109 2408 toro
1148 2355 1363 2427 pater
1405 2349 1694 2408 Aeneas
1743 2347 1857 2408 sic
1897 2366 2120 2408 orsus
2164 2345 2251 2407 ab
2295 2345 2481 2419 alto,

419 2450 604 2511 ‘inde’
652 2468 759 2528 pro
805 2451 1057 2528 ‘postea'
1103 2458 1159 2508 et
1210 2449 1490 2509 ‘deinde’.
1531 2452 1541 2521 Ι

342 2571 392 2610 20
592 2532 879 2622 Quoniam
923 2550 1002 2610 de
1036 2550 1161 2623 his,
1208 2570 1357 2628 quae
1392 2551 1522 2611 loco
1554 2549 1932 2612 articulorum
1963 2550 2147 2629 accipi
2178 2559 2431 2630 possunt
2465 2553 2619 2631 apud
2655 2553 2914 2628 Latinos,
2948 2560 3085 2613 vul
3110 2565 3178 2615 52
3202 2558 3215 2573 “

420 2655 478 2715 in
526 2673 702 2733 snpra
749 2651 919 2714 dictis
965 2653 1333 2715 ostendimus
1374 2661 1433 2712 et
1475 2652 1548 2712 de
1592 2650 1944 2730 generaliter
1987 2651 2228 2713 infinitis
2272 2653 2359 2712 vel
2404 2653 2658 2716 relativis
2698 2655 2783 2714 vel
2828 2655 3008 2718 inter-

417 2756 693 2836 rogativis
732 2754 1099 2827 nominibuS,
1146 2773 1296 2834 quae
1332 2754 1635 2817 relationis
1673 2773 1848 2817 causa
1895 2754 2123 2817 stoici
2162 2754 2317 2817 inter
2346 2755 2628 2818 articulos
2659 2775 2879 2839 ponere
2910 2778 3008 2820 so·

419 2860 646 2932 lebant,
673 2868 752 2918 et
797 2858 870 2918 de
913 2858 1236 2930 adverbiis,
1294 2876 1443 2936 quae
1481 2856 1569 2917 vel
1614 2877 1682 2919 ex
1724 2858 1811 2918 eis
1859 2865 2183 2919 naseuntur
2231 2856 2317 2917 vel
2365 2877 2567 2920 eorum
2609 2860 2870 2922 diversas
2913 2880 3008 2922 se-

418 2968 678 3039 quuntur
721 2960 1214 3038 significationes,
1259 2978 1631 3038 consequens
1669 2979 1801 3021 esse
1848 2959 2146 3032 existimo,
2206 2960 2278 3020 de
2322 2961 2733 3040 pronominum
2774 2981 3008 3043 quoque

344 3079 395 3118 25
421 3061 858 3123 constructione
897 3061 1207 3123 disserere.
1285 3061 1512 3122 articuli
1550 3062 1703 3122 enim
1749 3081 1883 3124 cum
1925 3061 2261 3123 nominibus
2302 3063 2362 3124 in
2406 3063 2669 3124 oratione
2709 3065 3007 3144 accipiun-

419 3172 545 3235 tur,
601 3182 668 3223 ea
715 3182 850 3223 vero
909 3183 1013 3243 pro
1068 3163 1421 3225 nominibus.
1513 3182 1702 3242 neque
1752 3164 1907 3243 apud
1953 3165 2207 3225 Graecos
2257 3172 2453 3225 tamen
2499 3167 2846 3245 pronomina
2907 3169 3007 3228 de-

418 3265 825 3338 monstrativa,
873 3266 1088 3345 quippe
1150 3272 1490 3346 praesentes
1531 3266 1897 3327 ostendentia
1942 3285 2257 3346 personaS,
2320 3284 2467 3344 quae
2521 3267 2579 3327 in
2630 3268 2817 3346 prima
2870 3278 3007 3331 sunt
3040 3311 3061 3338 -,

420 3367 784 3445 cognitione,
819 3368 1220 3454 uarticulorum
1266 3386 1398 3428 esse
1443 3377 1693 3449 possunt
1744 3369 1979 3449 capacia
2026 3366 2582 3448 praepositivorum,
2640 3369 2853 3447 quibus
2894 3371 3006 3431 La-

419 3471 618 3531 tinitas
659 3476 850 3543 caret,
896 3471 1049 3531 sicut
1079 3470 1403 3532 docuimuS.
1483 3480 1540 3531 et
1586 3471 1992 3542 manifestum,
2041 3469 2195 3548 quod
2236 3470 2366 3530 ideo
2410 3477 2469 3530 et
2507 3451 2679 3532 casus
2716 3472 3008 3552 recipiunt

345 3589 396 3629 30
424 3573 801 3653 pronomina,
857 3581 919 3631 ut
961 3592 1064 3651 pro
1113 3581 1234 3632 toto
1281 3575 1519 3634 nomine
1565 3561 1861 3648 subeant,
1892 3573 1949 3633 id
1996 3581 2085 3634 est
2133 3592 2239 3652 pro
2285 3571 2557 3634 omnibus
2592 3573 2718 3633 eius
2750 3574 3003 3648 casibus,

711 3665 733 3704 ἢ

561 3727 582 3777 l
625 3727 1041 3792 interrogatiuum
1078 3734 1126 3774 et
1161 3725 1409 3776 inlinitum
1445 3725 1486 3774 S
1657 3734 1732 3775 est
1776 3727 1901 3777 add.
1935 3742 1967 3774 r
2134 3728 2166 3776 2
2215 3724 2510 3791 quousque]
2546 3743 2576 3774 r
2624 3741 2787 3789 usque
2820 3727 2867 3778 R

417 3833 618 3894 qnando
646 3804 1018 3895 Interrogatiuo
1048 3806 1182 3885 solu?
1220 3830 1295 3879 Νῖι
1330 3831 1581 3895 triplicem
1617 3829 1658 3878 S
1833 3831 1969 3894 quod
2014 3847 2126 3893 sup.
2158 3831 2245 3879 lin.
2284 3830 2406 3880 add.
2444 3846 2475 3878 r
2506 3891 2513 3898 .
2648 3830 2681 3881 3
2715 3830 3006 3881 Terrentius

423 3902 531 3952 ML
682 3902 799 3952 Ter.
830 3900 1030 3951 Phor-m,
1066 3902 1083 3949 I
1116 3903 1168 3963 2,
1205 3900 1273 3950 97
1303 3917 1378 3965 sq.
1521 3901 1569 3949 in
1607 3900 1910 3950 Phormione
1941 3915 2031 3954 om.
2073 3902 2116 3951 G
2257 3901 2291 3950 4
2320 3915 2492 3949 senem
2533 3915 2799 3982 {lupusque
2836 3902 3005 3962 quoad

417 4007 468 4054 Ν
612 4006 645 4055 5
680 4005 952 4070 aspectatis
984 4007 1027 4055 G
1060 4008 1302 4070 spectatis
1346 4006 1458 4056 Ter.
1503 4005 1677 4055 Bemh.
1718 4006 2002 4069 expectetis
2046 4006 2158 4054 Ter.
2198 4005 2327 4057 Bas.
2496 4004 2530 4054 6
2566 4014 2643 4054 est
2679 4003 2763 4070 ut]
2805 4021 2835 4051 r
2874 4012 2921 4053 et
2958 4006 3005 4057 R

556 4076 724 4125 insisti
761 4078 808 4126 L
971 4077 1001 4125 7
1039 4075 1287 4124 inlinitum
1323 4084 1398 4124 est
1433 4083 1486 4123 ut
1518 4092 1562 4123 m
1723 4075 1757 4125 8
1794 4071 1952 4138 quod]
1996 4091 2026 4122 r
2060 4083 2180 4136 quot
2217 4075 2264 4124 R
2430 4072 2464 4122 9
2504 4076 2922 4140 interrogatiuum
2950 4076 3004 4138 jn

419 4155 471 4195 nt
509 4147 675 4198 cicero
710 4145 1081 4194 inuectiuarum
1120 4145 1162 4193 S
1205 4143 1208 4150 ⁴
1300 4147 1400 4195 Cic.
1440 4148 1488 4196 in
1525 4146 1636 4198 Cat.
1676 4160 1755 4218 qr.
1802 4146 1815 4191 l
1856 4145 1899 4202 1,
1942 4145 1964 4193 l
2121 4144 2182 4194 to
2211 4143 2424 4192 catilena
2459 4144 2551 4193 GL
2706 4145 2771 4197 13
2809 4153 3006 4209 tempo·

417 4215 631 4280 ralibus]
672 4233 702 4264 r
737 4215 1052 4281 temporibus
1087 4216 1133 4266 R
1274 4215 1520 4265 lacalibus
1559 4217 1605 4264 L
1758 4216 1979 4277 nt'iquam
2014 4212 2056 4262 S
2092 4227 2349 4277 nunqnam
2390 4214 2436 4262 L
2578 4214 2637 4264 14
2678 4223 2732 4263 ut
2768 4229 2857 4264 om.
2890 4209 3006 4265 'MG

563 4288 721 4350 Very.
766 4286 896 4336 Aen.
945 4284 988 4330 V
1036 4284 1137 4335 827
1167 4301 1243 4350 sq.
1428 4286 1489 4335 15
1536 4298 1838 4350 suspensam
1885 4280 2105 4347 blanda]
2158 4285 2196 4333 d
2239 4297 2489 4348 suspensa
2536 4282 2773 4334 blandam
2818 4286 2866 4334 D

417 4356 602 4405 blanda
641 4357 694 4404 N
827 4355 1028 4404 uicisim
1065 4357 1113 4405 L
1265 4355 1323 4405 16
1357 4351 1719 4419 pertemptant]
1759 4369 1788 4402 r
1824 4361 2126 4420 pei-temtant
2161 4355 2206 4405 R
2242 4360 2523 4418 pertentent
2559 4352 2600 4402 Ο
2742 4355 2802 4404 17
2844 4355 3001 4419 Ver-9.

416 4426 545 4478 Aen.
586 4426 629 4474 11
664 4429 697 4475 2
842 4425 906 4474 18
938 4425 1080 4474 thoro
1107 4424 1196 4473 Sl,
1339 4424 1407 4476 20
1453 4440 1515 4474 oe
1553 4439 1961 4476 cousrnvcrions
2001 4438 2341 4474 Ριιοκοκικνιι
2379 4422 2602 4473 ἰηεον.Ν
2738 4423 2875 4490 apud
2911 4423 3005 4471 La·

414 4498 547 4545 tinos
581 4512 671 4545 om.
710 4494 752 4543 S
920 4496 986 4544 22
1025 4495 1189 4556 stoici]
1224 4495 1293 4556 cf.
1332 4496 1418 4543 tib.
1457 4497 1525 4544 XI
1561 4498 1592 4557 S
1630 4495 1652 4543 I
1840 4491 1999 4559 inter]
2046 4493 2133 4542 biit
2170 4494 2213 4544 G
2388 4492 2627 4542 articulos
2666 4509 2737 4542 ex
2772 4493 3004 4542 alticulos

413 4581 550 4615 cor-r.
593 4566 658 4614 M
793 4563 860 4615 23
897 4574 1136 4613 secuntur
1167 4563 1308 4614 RNS
1443 4565 1771 4628 25 diserere
1805 4564 1853 4612 L
1995 4565 2275 4612 inoratione
2309 4563 2357 4611 D
2396 4563 2464 4624 cf.
2506 4563 2740 4624 Aponon.
2775 4564 2838 4612 de
2869 4570 3001 4629 synt.

416 4637 459 4686 11
499 4636 522 4686 l
557 4651 614 4698 p.
654 4635 742 4696 95,
781 4639 813 4685 4
849 4633 949 4684 Bk.
989 4651 1034 4682 c.
1077 4650 1194 4682 ann.
1235 4633 1463 4683 Bekkeri
1602 4635 1667 4682 27
1708 4632 2049 4699 ostendentia]
2086 4650 2117 4681 n
2149 4633 2365 4684 ostentis
2392 4632 2442 4680 N
2580 4631 2647 4682 28
2685 4630 3000 4697 cognitione]

413 4722 443 4753 r·
475 4706 777 4771 cognatione
815 4704 859 4753 R
1025 4705 1236 4769 capacia
1271 4719 1382 4752 esse
1414 4713 1629 4769 possunt
1660 4703 1734 4751 O?
1897 4700 2144 4769 possunt]
2184 4704 2223 4752 d
2251 4710 2458 4767 possent
2491 4703 2539 4751 D
2703 4701 2934 4768 capacia]
2976 4719 3007 4750 r

414 4776 616 4838 rapatia
653 4773 792 4825 RDS
955 4774 1415 4841 praepositiuornm
1457 4777 1542 4838 qni
1584 4774 1649 4822 ad
1685 4774 1961 4823 secundam
2001 4776 2215 4823 attinent
2247 4773 2587 4838 cognitionem
2627 4772 2815 4833 quibus
2850 4771 2999 4833 BOS,

412 4846 507 4894 sed
538 4860 673 4898 voce.
715 4847 802 4907 qui
829 4859 897 4880 —-·
915 4845 1127 4893 attinent
1161 4845 1288 4892 noeis
1329 4846 1391 4895 ÷
1422 4853 1473 4894 et
1509 4859 1522 4892 :
1559 4846 1761 4893 inclusit
1793 4844 1843 4892 Ιι.
1880 4860 1924 4892 e.
1962 4843 2208 4893 delendas
2243 4859 2356 4892 esse
2388 4843 2685 4908 significavit
2718 4842 2761 4891 S
2935 4841 3003 4892 29

414 4913 529 4963 ideo
561 4913 710 4963 casu‘s
743 4913 838 4963 Ol,
1010 4913 1079 4964 30
1115 4914 1167 4963 id
1202 4909 1302 4976 est]
1341 4930 1372 4963 r
1406 4915 1542 4963 Idem
1578 4915 1624 4964 R
1797 4914 1851 4963 id
1891 4922 1968 4963 est
2003 4928 2095 4979 pro
2134 4913 2370 4962 omuibus
2403 4914 2514 4963 eius
2547 4909 2788 4975 casibus]
2835 4913 2888 4961 id
2925 4918 3003 4961 est
