3576 5595
597 385 723 450 398
1684 385 2109 448 PRAEFATIO

594 574 816 658 itaque
864 568 1264 656 principales
1308 591 1560 668 ‘versus
1617 569 1960 634 duodecim
2027 568 2339 634 librorum
2399 567 2731 633 Aeneidos
2789 569 2882 633 ita
2936 568 3220 633 omnino

598 673 934 753 tractavit,
979 672 1165 756 quasi
1213 673 1279 734 in
1327 671 1567 735 scholis
1612 671 1781 734 inter
1824 680 2314 757 praeceptorem
2355 681 2419 734 et
2464 670 2858 758 discipulum
2898 693 3005 734 res
3052 693 3218 756 age-

598 784 796 837 retur.
888 795 1037 835 nam
1086 771 1246 835 nihil
1292 774 1430 857 agit
1478 772 1970 836 Lindemannus
2012 775 2077 835 in
2121 772 2326 836 Prisc.
2372 795 2475 859 op.
2523 775 2676 836 min.
2723 794 2789 857 p.
2835 777 2993 855 355,
3053 793 3214 836 cum

598 877 765 940 hanc
810 874 1259 959 interrogandi
1316 883 1383 937 et
1435 872 1872 959 respondendi
1926 875 2243 937 rationem
2300 895 2431 938 non
2482 896 2522 937 a
2567 873 2904 938 Prisciano
2947 874 3210 959 profec-

600 989 768 1058 tam,
824 975 941 1040 sed
988 974 1245 1058 Caroli,
1293 975 1695 1039 Francorum
1743 977 1954 1058 regis,
2013 983 2227 1037 aetate
2275 976 2338 1039 in
2386 974 2586 1038 libros
2626 978 3210 1059 grammaticorum

602 1081 928 1143 invectam
987 1099 1132 1140 esse
1187 1078 1540 1140 existimat.
1631 1077 1937 1139 nimirum
1998 1075 2108 1140 ille
2161 1078 2227 1140 in
2287 1076 2406 1140 hae
2470 1098 2726 1162 quoque
2781 1099 2849 1141 re
2909 1078 3208 1141 Graecos

600 1179 1061 1265 grammaticos
1104 1187 1365 1241 secutus
1410 1187 1540 1258 est,
1597 1199 1760 1263 quos
1805 1187 1941 1240 tum
2000 1180 2282 1241 maxime
2330 1179 2393 1241 in
2438 1179 2580 1263 ipsa
2624 1178 2787 1243 urbe
2832 1179 3208 1242 Constanti-

601 1281 822 1369 nopoli
865 1281 1006 1366 pari
1052 1281 1306 1343 ratione
1352 1301 1505 1342 usos
1549 1300 1693 1341 esse
1751 1300 1882 1341 non
1938 1288 2035 1343 est
2086 1279 2406 1343 dissimile
2452 1280 2615 1344 veri.
2704 1301 2915 1365 neque
2968 1282 3205 1342 mirum

601 1395 701 1449 est
737 1385 804 1447 in
861 1382 979 1445 tali
1040 1382 1335 1445 instituto
1389 1402 1584 1466 saepe
1642 1382 1745 1443 vel
1803 1381 2030 1444 eadem
2087 1382 2320 1445 iisdem
2365 1380 2588 1446 verbis
2633 1383 2841 1468 repeti
2879 1379 2985 1446 vel
3031 1402 3206 1467 quae

605 1489 670 1551 in
716 1483 985 1570 reliquis
1026 1481 1214 1546 libris
1258 1482 1592 1568 disputata
1636 1492 1823 1546 erant
1861 1481 1985 1545 huc
2024 1482 2386 1547 transferri.

770 1587 862 1650 At
906 1606 1063 1648 vero
1102 1606 1250 1647 cum
1300 1583 1619 1646 Prisciani
1668 1606 1811 1647 csse
1857 1583 2029 1647 hunc
2083 1584 2501 1669 partitionum
2549 1583 2790 1649 librum
2833 1584 3013 1666 dic0,
3069 1605 3202 1647 non

598 1688 763 1752 illud
823 1686 1006 1766 dico,
1053 1687 1250 1748 talem
1298 1683 1554 1771 qualem
1601 1707 1773 1749 nunc
1819 1684 2136 1749 habemus
2180 1685 2263 1749 ab
2311 1708 2387 1751 eo
2433 1688 2744 1772 scriptum
2789 1707 2955 1749 esse.
3045 1707 3200 1749 nam

602 1811 742 1853 mos
807 1788 917 1852 ille
984 1788 1403 1873 partitionum
1474 1788 1669 1849 etiam
1735 1796 1884 1873 post
1939 1786 2349 1850 Priscianum
2408 1789 2674 1851 duravit
2722 1798 2789 1851 et
2845 1810 2886 1851 a
2938 1787 3201 1851 Latinis

601 1889 1046 1978 grammaticis
1107 1911 1250 1953 cum
1321 1890 1390 1951 in
1453 1886 1602 1951 aliis
1665 1887 1851 1952 libris
1912 1899 2047 1952 tum
2101 1889 2165 1951 in
2220 1890 2334 1971 iis,
2398 1890 2635 1976 quibus
2697 1888 2938 1952 Donati
2992 1898 3202 1953 artem

600 1991 1015 2057 commentati
1073 1999 1254 2072 sunt,
1319 2001 1619 2054 servatus
1678 1999 1798 2052 est.
1888 1991 2073 2053 euius
2134 1991 2228 2054 rei
2288 1989 2658 2075 exemplum
2705 2012 2878 2054 nunc
2935 1990 3200 2054 adferre

562 2090 816 2182 ‘placet
861 2114 1058 2156 unum
1103 2090 1435 2172 libellum,
1495 2092 1606 2175 qui
1661 2091 1727 2153 in
1785 2092 2012 2154 codice
2055 2091 2367 2155 Leidensi
2415 2090 2575 2155 bibl.
2626 2091 2803 2178 publ.
2865 2096 2980 2155 122
3025 2115 3200 2156 nono

598 2195 861 2261 saeculo
915 2195 1158 2278 scripto
1216 2194 1566 2277 inscriptus
1624 2202 1724 2255 est
1779 2191 2105 2256 cunabula
2166 2195 2324 2257 artis
2381 2195 2877 2278 grammaticae,
2945 2196 3014 2257 in
3069 2215 3202 2281 quo

596 2297 793 2363 simili
839 2298 1090 2360 ratione
1137 2293 1217 2357 de
1264 2294 1560 2379 partibus
1602 2294 1913 2356 orationis
1956 2295 2375 2380 praecipitur.
2449 2297 2516 2359 in
2560 2317 2636 2358 eo
2678 2296 2941 2380 negotio
2981 2306 3199 2359 autem

595 2398 1001 2464 commodum
1050 2417 1119 2458 se
1166 2394 1522 2479 praebebat
1554 2394 1878 2458 Prisciani
1921 2395 2088 2458 liber
2104 2444 2122 2478 ,
2169 2418 2357 2481 quem
2402 2398 2467 2460 in
2516 2418 2701 2460 suum
2751 2418 2937 2460 usum
2984 2419 3200 2481 gram-

595 2501 817 2564 matici
875 2506 1334 2561 converterent
1391 2505 1457 2558 et
1512 2496 1635 2578 ita,
1706 2507 1778 2559 ut
1834 2498 1974 2559 eius
2032 2498 2268 2560 aetatis
2321 2500 2605 2562 rationes
2641 2497 2974 2583 postulare
3018 2498 3201 2562 vide-

596 2602 864 2680 bantur,
909 2598 1099 2663 modo
1143 2604 1490 2680 augerent,
1531 2596 1721 2660 modo
1768 2597 2207 2662 diminuerent
2254 2599 2357 2663 vel
2394 2623 2510 2664 suo
2543 2601 2816 2665 arbitrio
2847 2610 3198 2664 mutarent.

595 2704 748 2767 hine
790 2703 1033 2764 factum
1083 2708 1211 2780 est,
1281 2707 1353 2761 ut
1397 2698 1692 2780 codices,
1757 2699 1870 2785 qui
1932 2723 2108 2765 nunc
2164 2687 2547 2789 supersunt,
2616 2724 2888 2788 quorum
2947 2702 3199 2766 nullum

591 2804 852 2885 inveni,
917 2803 1074 2889 quin
1120 2802 1355 2866 studiis
1400 2802 1832 2887 posteriorum
1893 2806 2464 2887 grammaticorum
2522 2807 2820 2870 adfectus
2877 2807 2995 2887 sit,
3065 2827 3198 2868 non

592 2907 801 2973 solum
844 2928 885 2968 a
921 2906 1138 2990 prisca
1183 2904 1323 2967 cius
1369 2902 1520 2967 libri
1562 2902 1773 2966 forma
1819 2904 2012 2986 longe
2054 2906 2467 2989 recederent,
2515 2906 2628 2971 sed
2674 2909 2867 2971 etiam
2917 2908 3089 2970 inter
3126 2928 3200 2969 se

595 3032 835 3095 magno
880 3028 1076 3093 opere
1127 3006 1590 3090 discreparent.
1681 3028 1766 3069 cx
1827 3029 1954 3092 quo
2014 3008 2287 3093 adparet
2344 3010 2662 3093 integram
2721 3012 3008 3074 auctoris
3064 3032 3199 3073 ma·

599 3135 751 3176 num
797 3111 1060 3175 omnino
1106 3107 1363 3172 restitui
1409 3129 1539 3171 non
1581 3128 1804 3194 posse,
1851 3109 1966 3172 sed
2012 3132 2157 3173 eam
2191 3110 2625 3175 exhibendam
2662 3111 2866 3176 fuisse
2899 3111 3198 3193 formam,

597 3236 765 3301 qnae
821 3212 1008 3275 libris
1065 3232 1264 3274 manu
1321 3211 1580 3296 scriptis
1633 3210 1872 3291 fertur,
1934 3234 2066 3274 non
2121 3210 2298 3275 illam
2357 3213 2618 3299 quidem
2672 3198 3198 3298 antiquissimam

597 3337 810 3401 neque
865 3315 1218 3398 integram,
1293 3312 1405 3374 sed
1463 3334 1596 3398 qua
1652 3310 1757 3376 vel
1817 3313 2144 3398 antiquior
2203 3316 2307 3378 vel
2362 3316 2574 3399 inagis
2624 3316 2882 3398 integra
2936 3317 3003 3378 in
3072 3316 3197 3380 hae

599 3418 907 3482 librorum
949 3415 1322 3479 conditione
1361 3414 1614 3477 restitui
1659 3423 1960 3499 nequeat.
2037 3437 2177 3478 eam
2211 3418 2410 3500 igitur
2445 3416 2655 3481 tribus
2694 3416 2909 3498 libris,
2956 3417 3196 3502 quibus

600 3541 754 3583 usus
802 3540 975 3599 sum,
1022 3538 1149 3581 uno
1194 3515 1572 3579 Parisino
1621 3520 1821 3578 7498
1870 3516 2037 3601 (C),
2096 3516 2300 3580 altero
2344 3518 2740 3582 Leidensi
2789 3518 3194 3583 Vossiano

597 3625 701 3685 33.
749 3629 785 3683 4
836 3620 995 3704 (S),
1051 3618 1244 3681 tertio
1290 3616 1944 3702 Guelferbytano
1990 3620 2179 3703 (G),
2245 3623 2354 3705 qui
2402 3629 2501 3684 est
2544 3621 2713 3683 inter
2755 3620 3013 3685 codices
3058 3621 3194 3685 Gu-

597 3724 827 3787 dianos
857 3741 1124 3784 numero
1170 3722 1316 3800 1:32,
1365 3720 1453 3782 ita
1496 3719 1791 3784 exbiberi
1841 3721 2097 3803 inveni,
2148 3734 2220 3784 ut
2268 3723 2428 3785 nihil
2483 3723 2657 3803 fere,
2706 3722 2878 3808 quod
2916 3722 3193 3786 alicuius

596 3823 903 3887 momenti
948 3822 1058 3897 sit,
1104 3820 1258 3883 addi
1312 3842 1504 3905 posse
1542 3821 1885 3884 confidam.
1978 3832 2042 3885 et
2088 3824 2168 3886 ‹le
2210 3824 2510 3888 Parisino
2555 3824 2812 3910 quidem
2859 3824 3084 3888 codice
3130 3835 3197 3888 et

600 3927 680 3989 de
726 3924 1034 3987 Leidensi
1093 3944 1291 4007 supra
1350 3922 1594 3985 dimum
1650 3934 1767 3986 est.
1861 3924 2420 4011 Guelferbytanus
2468 3938 2722 4007 autem,
2792 3928 2901 4013 qui
2968 3936 3068 3989 est
3123 3928 3190 3990 in

598 4026 993 4090 membranis
1041 4026 1251 4087 forma
1295 4025 1615 4110 quadrata
1658 4024 1919 4089 sacculo
1966 4027 2217 4093 decimo
2275 4030 2587 4113 scriptus,
2656 4030 2947 4091 continet
2999 4028 3191 4091 haec:

595 4130 644 4192 f.
703 4127 963 4190 1—48*
1009 4127 1295 4189 Vitruvii
1340 4127 1420 4189 de
1467 4126 1903 4190 architectura
1950 4128 2181 4209 libros,
2229 4135 2317 4192 De
2351 4137 2669 4208 principiis
2705 4138 2856 4193 artis·
2902 4135 3192 4193 architec-

595 4239 826 4294 tonicae
864 4268 947 4276 -—
989 4234 1232 4293 haberet
1270 4235 1593 4307 ‹nn-plicata.
1636 4236 1889 4292 uilrum’i
1924 4236 2076 4292 liber
2120 4235 2186 4293 Χ
2212 4239 2462 4309 explicit
2496 4236 2761 4308 feliciter
2774 4258 2793 4294 .·
2838 4232 2885 4294 f.
2919 4236 2997 4294 42)
3021 4269 3087 4276 —
3110 4236 3179 4293 61

594 4332 912 4395 Marciani
970 4329 1283 4415 Capellae
1352 4340 1713 4415 excerpta,
1757 4339 2052 4411 incipiunt
2112 4354 2324 4396 uersus
2386 4339 2463 4396 de
2528 4341 2752 4412 nuptiis
2803 4339 3189 4412 philoloqiae.

596 4439 794 4497 Elium
836 4455 997 4497 nnnc
1040 4454 1207 4495 roseo
1255 4468 1328 4479 —
1380 4455 1456 4497 ac
1496 4455 1602 4495 nos
1643 4445 1884 4497 sacrate
1924 4455 2126 4497 musas
2172 4435 2250 4517 (f.
2293 4437 2429 4519 52).
2516 4440 2771 4499 Peracta
2815 4442 2934 4497 iam
2977 4442 3192 4514 spatio·

593 4556 729 4598 rum
774 4573 840 4581 -
889 4539 1247 4612 siqniserum
1290 4557 1529 4599 cursum
1568 4557 1739 4598 suum
1780 4544 2112 4615 complens:
2173 4538 2218 4599 f.
2261 4537 2380 4599 61*
2419 4545 2723 4616 prisc-iani
2753 4545 3001 4616 epitome
3046 4542 3190 4617 phe—

596 4657 822 4700 nomen.
906 4643 1002 4698 Aa
1054 4642 1269 4700 boreae
1320 4650 1529 4716 partes
1579 4674 1651 4684 —-
1699 4644 2055 4716 eridanique
2106 4646 2353 4715 fluenta.
2435 4643 2572 4715 Rufi
2620 4643 2769 4715 sesti
2819 4646 3023 4702 azeieni
3075 4646 3198 4701 uiri

593 4745 755 4800 clari
795 4745 959 4800 mati
987 4743 1360 4815 pleenomena
1377 4791 1390 4813 ‚
1462 4745 1672 4803 Arcloe
1718 4748 1935 4817 anquis
1985 4760 2209 4801 corona
2248 4745 2525 4818 pliyncns
2575 4780 2643 4787 —-
2694 4749 2783 4805 sol
2825 4748 2998 4804 aselli
3037 4749 3199 4804 uenti

594 4844 779 4900 hiems
830 4850 1053 4902 nestas:
1114 4840 1158 4901 f.
1199 4844 1280 4902 (52
1309 4879 1388 4889 -—-
1416 4845 1496 4903 65
1543 4863 1803 4905 carmen
1845 4841 1925 4905 de
1971 4841 2403 4929 ponderibus,
2473 4848 2753 4906 Pendet-a
2795 4851 3076 4923 paeoniis
3117 4880 3185 4890 —
