3576 5595
672 368 754 430 58
1664 365 2034 428 PfltsctANt
2078 366 2152 426 lN
2161 366 2269 425 ST.

812 556 965 604 Locis
1003 569 1161 617 supra
1202 555 1439 603 indicatis
1474 554 1585 603 HK
1635 551 1874 604 exhibent
1921 552 2271 603 adverbiorum
2323 553 2667 604 mannum-um
2725 553 3018 602 sec-undum
3065 564 3314 598 versuum

670 643 893 694 ordinem
938 656 1009 690 ex
1051 643 1259 705 sinautis
1296 639 1489 701 sabulis
1529 647 1839 689 enotatormn
1872 639 2113 701 tabulam,
2162 655 2307 703 quant
2350 655 2421 687 ex
2454 640 2580 701 ipsis
2619 638 2695 687 teis
2737 638 2879 687 libris
2914 645 2979 689 et
3027 639 3315 686 Dan-anst.⁸

672 731 808 793 (A),
845 730 929 779 ubi
959 735 1075 791 post
1100 727 1249 788 fineen
1278 724 1399 776 libri
1430 726 1477 774 Χ
1488 728 1539 776 V
1539 726 1573 775 I
1589 728 1799 792 legitur,
1838 727 2102 783 secundnm
2133 724 2431 790 apographa
2462 741 2569 774 ntea
2606 726 2654 775 in
2688 726 2840 773 latrem
2864 724 3025 774 dedit
3055 731 3114 771 et
3143 737 3314 770 emen-

670 817 807 866 davit
842 814 1137 863 Friderictts
1182 811 1482 862 Hinc-helius
1529 815 1580 863 in
1624 813 1727 863 ind.
1774 814 1887 862 lect.
1930 818 2056 862 unio.
2097 811 2265 865 Bonn.
2316 818 2444 861 aest.
2482 828 2533 861 a.
2572 809 3095 861 MDcccxxxxvt
3139 825 3203 872 ρ.
3245 809 3313 856 vt

668 920 810 969 ⁸¹qu
852 904 951 951 illis
985 902 1083 950 iam
1118 914 1246 947 nune
1279 897 1459 949 addidi
1491 915 1535 947 v.
1569 902 1603 949 Ι.
1643 897 1873 948 Heidelb.
1911 896 2007 960 (E)
2048 899 2314 948 secundum
2349 897 2683 948 Lindemanni
2715 896 3112 961 apoyraphum.
3193 894 3312 943 Rit-

667 988 880 1039 sonemus
911 985 1004 1035 ltoc
1036 986 1336 1049 ptos-sariunt
1370 985 1649 1049 antiquiore
1682 1000 1828 1049 qnam
1863 985 2166 1034 Priscianea
2202 992 2373 1034 aetate
2418 984 2750 1047 conscriptum
2784 999 2899 1033 esse
2931 999 3007 1033 eo
3043 981 3314 1045 probavit

665 1091 719 1138 p.
745 1074 787 1123 X
822 1073 980 1138 ‘qnod
1004 1087 1099 1121 non
1133 1078 1319 1120 tautum
1354 1071 1651 1121 viciniat-iam
1678 1072 1813 1119 iltius
1848 1072 2071 1133 scriptor·
2090 1072 2237 1135 leyit,
2273 1071 2369 1120 sed
2399 1071 2546 1119 etiam
2579 1069 3019 1132 Amphitruonem,
3063 1066 3308 1119 Baccha·-

670 1162 763 1211 des
802 1159 936 1223 (cum
971 1159 1255 1215 aulularia,
1305 1161 1404 1207 etsi
1433 1173 1557 1207 casu
1595 1158 1790 1219 sactum
1826 1165 1878 1206 ut
1913 1174 1984 1207 ea:
2028 1159 2135 1207 eine
2170 1161 2312 1207 exitu
2355 1172 2485 1206 nunc
2530 1157 2795 1219 deperdito
2830 1156 2951 1207 nihi!
2986 1169 3308 1217 expe-onp-

669 1256 764 1297 tum
799 1248 892 1309 sit)
930 1253 979 1295 et
1012 1245 1336 1295 cistellariaut
1364 1247 1605 1293 tractavit
1639 1246 1906 1308 inteqras'.
1980 1259 2110 1308 quae
2144 1246 2275 1293 inter
2307 1245 2484 1293 varias
2518 1244 2755 1292 lectiones
2781 1244 2930 1293 codd.
2969 1242 3146 1304 infra
3182 1256 3308 1290 eno-

667 1340 805 1383 tatas
838 1331 902 1381 ab
936 1331 1258 1381 annotatione
1286 1329 1630 1387 Bitscheliana
1665 1329 1955 1389 abhorrent,
1986 1345 2160 1393 panca
2196 1338 2246 1380 et
2278 1332 2546 1381 levin-scuta
2582 1348 2645 1380 ea
2679 1333 2924 1380 alteruter
2957 1337 3222 1380 nostr-mn
3255 1331 3308 1376 in

669 1418 997 1469 describendo
1026 1419 1139 1468 olim
1175 1420 1415 1482 neqleoeit.
1488 1425 1729 1474 ceterum,
1769 1416 1880 1465 dum
1911 1418 2214 1481 singularum
2243 1419 2526 1481 glossarum
2554 1419 2929 1467 enarrationem
2963 1433 3003 1466 a
3045 1414 3307 1465 Bit-sche-

664 1508 733 1555 lio
761 1508 874 1556 olim
905 1506 1202 1568 promissam
1236 1504 1417 1566 cupide
1453 1510 1777 1567 expectamus
1792 1541 1805 1564 ,
1848 1505 1984 1553 locos
2014 1503 2307 1569 Plautinos,
2357 1520 2480 1569 quos
2515 1506 2775 1567 excerpsit
2803 1505 3089 1568 glossator
3107 1540 3122 1561 ,
3163 1501 3305 1550 indi·

668 1608 818 1643 casse
851 1595 978 1642 satis
1014 1590 1182 1640 habui.

811 1710 1117 1778 [Paulisper.
1153 1711 1410 1774 tantisper.
1475 1711 1527 1758 In
1572 1710 1893 1761 asinaria.
1931 1709 2199 1760 blanditer.
2267 1712 2318 1759 ln
2357 1709 2710 1764 aulularia.
2764 1710 3001 1769 donicum
3042 1725 3157 1774 pro
3196 1708 3293 1756 do·

671 1814 781 1851 nec.
822 1812 1037 1847 noenum
1075 1813 1169 1862 pro
1212 1811 1328 1848 non.
1377 1795 1702 1849 alioversum.
1781 1798 1834 1845 ln
1877 1796 2336 1846 Bacchidibus.
2389 1810 2605 1846 noenum
2634 1811 2726 1862 pro
2757 1812 2871 1846 non.
2947 1799 3003 1846 In
3045 1798 3290 1860 cupti-

671 1886 789 1934 viS.
840 1884 1097 1936 donicum.
1145 1883 1409 1936 citissime.
1468 1892 1909 1945 utroqueversum.
1995 1884 2046 1931 ln
2093 1882 2348 1931 Casina.
2396 1882 2644 1932 efflictim.
2695 1882 3116 1945 aliquovorsum.
3175 1897 3290 1930 am·

671 1971 836 2036 pliter.
872 1970 1227 2027 altrovorsum.
1262 1969 1531 2035 protinam.
1569 1968 1912 2034 saepiuscule.
1987 1971 2039 2019 ln
2077 1969 2481 2022 cistellaria.
2519 1970 2901 2024 nudiussextus,
2941 1970 3283 2020 summatim.

669 2058 973 2124 benigniter.
1050 2059 1103 2106 lu
1152 2056 1566 2107 Curculione.
1616 2056 2016 2106 dextroversum.
2059 2054 2272 2106 ductim.
2310 2045 2599 2110 ἀπνευστί.
2631 2057 2870 2106 avariter.
2911 2055 3280 2117 nudiusquar-
3310 2061 3336 2098 5

662 2153 767 2197 tus.
808 2145 1076 2209 protinam.
1117 2142 1446 2192 frustillatim.
1495 2142 1768 2194 mordicus.
1843 2143 1897 2191 ln
1939 2141 2235 2206 Epidico.
2309 2143 2454 2191 nevis
2491 2158 2584 2208 pro
2632 2157 2729 2192 non
2771 2143 2868 2195 vis,
2918 2142 3279 2208 pausillntim.

670 2232 895 2296 largiter.
975 2232 1026 2279 ln
1068 2228 1522 2279 Menaechmis
1563 2227 1788 2293 longule.
1824 2214 2105 2279 assulatim.
2155 2228 2447 2294 derepente.
2523 2231 2576 2278 ln
2614 2229 3049 2281 mustellaria.
3089 2228 3278 2295 pollu-
3315 2233 3330 2247 ·

668 2317 904 2366 cibiliter.
943 2315 1203 2368 donicum.
1242 2324 1469 2365 eatenus.
1507 2314 1691 2364 fartim.
1726 2314 1953 2379 largiter.
1995 2315 2198 2376 usquin.
2250 2317 2304 2364 ln
2335 2316 2733 2369 truculente.
2774 2317 2982 2365 offatim.
3023 2314 3274 2380 largiter.

667 2406 722 2455 Iu
757 2405 1121 2454 trinummo.
1159 2403 1320 2452 nevis.
1364 2402 1553 2454 nevult.
1598 2401 1985 2454 nudiussextus.
2026 2415 2186 2464 usque
2224 2402 2393 2455 modo.
2434 2403 2671 2452 saeviter.
2702 2418 2823 2468 pu.
2863 2405 2917 2452 ln
2944 2400 3271 2453 Poenulo,

811 2541 835 2589 1
876 2540 1143 2605 Paulisper
1175 2540 1435 2603 tantisper,
1461 2538 1634 2603 quibus
1653 2537 1868 2601 fabulae
1894 2554 2063 2588 nomen
2087 2539 2226 2588 haud
2240 2541 2568 2601 praemissum
2590 2548 2682 2599 est,
2720 2541 2793 2590 ad
2826 2540 3104 2591 asinariam
3139 2555 3274 2603 per-

665 2615 826 2660 tinere
863 2611 1121 2665 videntur,
1160 2624 1450 2673 quamquam
1477 2611 1674 2659 inverso
1710 2608 1889 2657 ordine
1924 2608 1995 2658 ibi
2027 2611 2261 2673 ieyantur
2297 2613 2544 2674 tantisper
2579 2609 2720 2667 1113,
2756 2610 2824 2660 96
2860 2611 2935 2675 (υ.
2963 2609 3094 2672 686)
3133 2625 3270 2674 pau·

668 2681 828 2744 lisper
862 2680 909 2728 V
945 2680 998 2738 2,
1036 2677 1104 2729 30
1138 2685 1211 2741 (υ.
1254 2677 1417 2739 880),
1450 2686 1567 2727 ante
1605 2684 1889 2741 utrumque,
1926 2679 2061 2742 quod
2095 2682 2263 2729 statim
2300 2687 2417 2741 post
2451 2682 2609 2743 ipsius
2638 2679 2850 2742 fabulae
2882 2696 3053 2729 nomen
3085 2680 3269 2744 sequi-

666 2757 750 2801 tur
787 2748 1040 2800 blanditer
1078 2750 1095 2797 1
1134 2748 1183 2807 3,
1221 2748 1290 2800 69
1341 2748 1408 2808 (υ.
1449 2749 1574 2810 222)
1623 2747 1692 2809 cs.
1735 2746 2053 2797 liitseltelitcnt
2088 2751 2122 2797 l.
2169 2751 2201 2796 l.
2246 2763 2299 2811 p.
2337 2747 2384 2797 X
2522 2750 2771 2800 essinariu
2811 2750 2914 2797 KA
3055 2750 3268 2799 nularia

669 2820 772 2868 KA
915 2820 1069 2869 aulul.
1111 2820 1127 2867 1
1169 2819 1216 2880 1,
1255 2817 1344 2877 193
1388 2818 1402 2865 l
1446 2820 1491 2879 l,
1528 2818 1597 2867 28
1637 2819 1731 2882 (ef.
1760 2817 2124 2867 Lachmannum
2158 2820 2230 2867 ad
2257 2821 2417 2868 Lacr.
2451 2820 2696 2881 111198);
2738 2821 2777 2869 11
2811 2822 2860 2883 4,
2890 2820 2925 2870 8
3063 2822 3096 2868 2
3135 2835 3264 2869 noe-

666 2891 768 2938 nim
806 2890 856 2939 Ε
1026 2888 1128 2936 alio
1175 2902 1397 2940 uersum.
1450 2890 1503 2937 ln
1538 2887 1640 2938 HK
1676 2923 1689 2935 .
1719 2887 1834 2936 Alio
1873 2903 2077 2938 uersum
2118 2890 2165 2936 in
2204 2890 2254 2936 A
2299 2889 2572 2938 aliuersum
2621 2891 2670 2938 lu
2721 2890 2771 2938 E
2945 2889 3264 2939 bacbidibus

670 2958 827 3008 HKA
981 2958 1053 3006 ad
1078 2956 1381 3009 Bae-cllidum
1421 2959 1608 3008 initiunt
1640 2957 1952 3020 deperditum
1989 2973 2204 3009 noenum
2234 2959 2398 3021 refert
2434 2958 2733 3008 Bitscheiius
2768 2961 2801 3008 1.
2827 2961 2863 3007 Ι.
2890 2974 2948 3021 p.
2978 2959 3052 3008 X:
3087 2958 3258 3008 Lach—

665 3045 844 3080 manno
881 3029 915 3078 I.
951 3028 987 3076 l.
1026 3028 1075 3076 in
1113 3028 1202 3076 1111
1241 3028 1291 3086 4,
1321 3026 1388 3076 84
1425 3029 1497 3092 (υ.
1517 3025 1646 3091 736)
1683 3029 2000 3090 inserendum
2037 3030 2251 3086 videtur,
2287 3028 2371 3076 ubi
2406 3044 2621 3078 noenum
2649 3028 2989 3078 fraudaverim
3024 3030 3257 3079 scriben-

664 3101 779 3149 dum
821 3098 890 3148 sit
1062 3094 1134 3145 No
1185 3097 1319 3146 euim
1368 3096 1418 3146 E
1584 3102 1765 3161 captiv.
1820 3100 1861 3148 11
1896 3101 1949 3157 2,
1985 3097 2054 3148 89
2102 3099 2173 3161 (υ.
2213 3096 2375 3156 339);
2420 3099 2543 3151 112.
2582 3098 2679 3148 102
2723 3101 2794 3162 (υ.
2835 3099 2990 3160 352);
3041 3099 3081 3147 11
3122 3100 3177 3162 3,
3221 3099 3258 3148 8

667 3169 735 3232 (v.
755 3166 879 3228 368)
1023 3166 1055 3217 3
1090 3173 1303 3229 utroque
1337 3182 1541 3217 norsum
1562 3168 1771 3218 HKEA
1915 3169 2115 3218 cassina
2139 3168 2186 3215 D
2325 3167 2544 3218 Casinae
2569 3170 2703 3230 prol.
2733 3185 2777 3221 υ.
2803 3169 2898 3225 4ος
2931 3169 2973 3217 11
2996 3169 3048 3226 4,
3074 3168 3164 3226 18;
3208 3171 3252 3217 11

664 3237 716 3296 8,
748 3236 846 3294 66;
887 3236 947 3286 111
985 3236 1038 3295 2,
1075 3237 1169 3287 25:
1209 3238 1253 3285 V
1292 3238 1341 3290 3,
1382 3236 1445 3287 13
1471 3239 1570 3300 (al.
1594 3237 1684 3296 16)
1712 3239 1893 3288 ordine
1926 3237 2148 3296 turbato,
2186 3239 2237 3287 ni
2268 3239 2563 3288 alterutrum
2597 3253 2702 3287 voc.
2739 3245 2936 3301 spectat
2969 3238 3042 3286 ad
3084 3239 3117 3285 1.
3160 3239 3254 3287 de-

659 3308 945 3371 perditum:
981 3305 1049 3355 111
1087 3306 1137 3365 5,
1175 3306 1245 3356 59
1281 3307 1374 3368 (cs.
1408 3308 1496 3358 lib.
1542 3309 1606 3356 111
1644 3310 1677 3369 s
1704 3306 1795 3369 29)
1964 3307 2208 3357 efflictum
2245 3306 2298 3355 K
2331 3306 2580 3356 afflictum
2619 3309 2668 3355 A
2830 3309 3002 3392 aliquo
3042 3323 3252 3357 norsum

666 3394 770 3442 HA
794 3391 965 3455 aliquo
990 3405 1144 3442 uorsu
1165 3391 1218 3440 K
1355 3395 1390 3442 4
1428 3393 1586 3442 altero
1614 3408 1819 3443 norsum
1841 3394 1947 3445 HA
1984 3394 2143 3442 altero
2179 3408 2381 3442 uersum
2412 3395 2462 3443 E
2496 3394 2651 3444 altero
2690 3394 2739 3443 K
2881 3373 3028 3469 proni
3056 3395 3112 3444 K

3021 3473 3032 3499 1

663 3512 954 3579 sepiuscule
996 3510 1051 3559 K
1056 3557 1059 3560 Α
1080 3513 1404 3576 sepiusculae
1439 3514 1488 3560 A
1639 3515 1819 3563 eisteti.
1856 3515 1910 3565 u.
1943 3487 2239 3577 ’deperditis
2390 3515 2576 3564 nudius
2612 3523 2788 3563 sextus
2827 3515 2881 3564 Κ
2925 3505 3093 3565 nudus
3127 3531 3250 3564 sex-

662 3593 745 3633 tus
784 3583 840 3632 H
875 3580 1041 3670 nudius
1077 3592 1253 3631 sextus
1290 3583 1340 3629 A
1479 3592 1785 3632 summatum
1825 3582 1930 3632 KA
2074 3584 2107 3633 5
2145 3585 2288 3634 Cure.
2324 3585 2345 3634 1
2380 3585 2426 3647 1,
2448 3584 2515 3633 70
2546 3585 2614 3644 (v.
2636 3583 2757 3646 70);
2796 3584 3247 3648 12‚12(v.109);

668 3689 685 3736 1
736 3689 787 3747 2,
836 3686 901 3734 34
938 3689 1006 3746 (υ.
1047 3683 1197 3742 126);
1254 3684 1271 3733 l
1317 3686 1367 3743 3,
1417 3685 1484 3735 50
1527 3685 1602 3748 (v.
1644 3685 1802 3748 206);
1852 3686 1889 3734 11
1930 3687 1980 3744 3,
2019 3686 2086 3736 84
2122 3687 2194 3752 (υ.
2231 3685 2385 3749 363);
2434 3688 2522 3736 1111
2559 3689 2611 3748 4,
2641 3688 2709 3736 20
2744 3689 2812 3749 (υ.
2846 3687 3010 3747 576);
3047 3691 3091 3738 V
3131 3689 3178 3744 l,
3214 3690 3246 3737 7

662 3761 735 3817 (υ,
776 3754 903 3817 597)
1061 3754 1237 3802 dextro
1273 3769 1477 3802 uersum
1518 3754 1674 3803 HKA
1816 3756 2041 3806 ductium
2075 3757 2126 3805 Κ
2283 3771 2524 3806 ninneton
2565 3759 2666 3807 EA
2697 3772 2884 3806 nemi-t
2923 3758 2975 3806 Κ
3121 3773 3245 3806 auu·

666 3827 770 3875 rius
792 3826 842 3873 A
986 3823 1171 3872 nudius
1199 3832 1407 3883 quartus
1426 3822 1586 3875 ΗΚΔ
1727 3825 1760 3875 6
1787 3826 2009 3889 potinum
2032 3827 2081 3874 A
2222 3826 2489 3875 frustillum
2517 3828 2566 3874 A
2711 3868 2723 3879 .
2765 3826 3019 3876 Mordicus
3049 3828 3097 3875 in
3134 3828 3245 3890 epi-

665 3896 789 3945 deco
830 3895 880 3941 A
1087 3891 1289 3957 epidico
1343 3909 1404 3941 ne
1456 3891 1536 3943 uis
1582 3908 1673 3958 pro
1714 3909 1813 3942 nou
1862 3893 1940 3944 uis
1982 3895 2031 3944 Κ
2078 3896 2360 3960 epidocone
2414 3898 2493 3944 uis
2539 3897 2782 3960 pronouis
2829 3897 2879 3944 A
3083 3896 3244 3958 Epid.

666 3964 848 4024 (nevis
907 3966 985 4014 vel
1035 3963 1108 4012 ad
1159 3962 1329 4013 nevolt
1385 3963 1583 4013 videtur
1632 3972 1868 4026 spec-tare
1928 3966 1944 4012 l
2001 3967 2058 4026 1,
2110 3967 2206 4024 40;
2257 3965 2361 4015 69?
2411 3969 2490 4015 vet
2537 3967 2610 4015 ad
2657 3981 2735 4014 me
2791 3969 2868 4014 vis
2923 3967 2940 4015 1
2993 3969 3057 4024 2,
3115 3966 3243 4026 11);

668 4035 705 4081 tt
734 4037 785 4094 2,
805 4033 906 4091 63;
945 4033 1012 4082 111
1041 4034 1093 4096 4,
1113 4031 1180 4082 49
1318 4031 1661 4083 Puussillntim
1700 4036 1749 4084 E
1784 4034 2093 4100 pussillatim
2123 4035 2173 4084 K
2210 4035 2533 4101 pauxillatim
2572 4036 2687 4089 edd.
2732 4035 2905 4089 Plani.
3047 4037 3074 4084 7
3123 4037 3242 4084 Lar·

1638 4112 1692 4139 ue

664 4154 796 4218 giter
824 4155 873 4203 in
917 4155 967 4202 A
1087 4153 1400 4204 menechmis
1438 4153 1543 4202 HA
1584 4155 1830 4204 machinis
1867 4155 1921 4203 K
2060 4155 2369 4208 Menoec-lem.
2405 4158 2540 4219 prol.
2570 4156 2665 4212 64:
2698 4155 2746 4202 V
2780 4156 2830 4214 2,
2859 4155 2957 4207 106
2991 4158 3059 4218 (υ.
3084 4154 3245 4216 859):

666 4226 711 4272 V
740 4226 790 4282 2,
831 4225 919 4274 121
962 4225 1033 4287 (υ.
1076 4222 1209 4285 874)
1372 4223 1575 4288 longule
1606 4223 1911 4289 assulatim]
1950 4223 1981 4272 lt
2019 4224 2224 4290 longule
2258 4226 2515 4274 assulatim
2555 4226 2610 4273 H
2655 4224 2920 4291 longulens
2953 4226 3159 4275 snlntim
3193 4227 3244 4273 A

666 4292 871 4357 longule
909 4293 1179 4344 asanlatim
1213 4291 1268 4341 K
1404 4296 1606 4346 mostell.
1649 4296 1662 4341 l
1712 4295 1756 4356 l,
1794 4295 1862 4344 23
1899 4295 1969 4358 (v.
2011 4297 2133 4356 24);
2184 4297 2204 4343 1
2243 4296 2293 4352 2,
2332 4295 2398 4345 35
2432 4295 2498 4354 (v.
2548 4295 2698 4354 116);
2738 4297 2837 4355 12,
2875 4295 2943 4345 50
2980 4295 3048 4358 (υ.
3093 4296 3241 4355 131);

666 4363 685 4411 1
725 4362 776 4422 3,
819 4361 881 4410 13
914 4362 983 4426 (υ.
1026 4362 1171 4424 169);
1207 4364 1250 4411 11
1281 4365 1331 4420 2,
1367 4362 1400 4411 8
1432 4363 1501 4425 (υ.
1538 4363 1690 4420 438);
1732 4366 1796 4413 111
1835 4366 1887 4429 2,
1930 4362 1993 4414 19
2021 4366 2092 4427 (υ.
2120 4364 2225 4414 449
2260 4381 2306 4418 υ.
2337 4364 2654 4414 Bitschetium
2687 4381 2809 4418 mus.
2841 4366 2967 4429 pleiz.
3005 4366 3090 4414 Vll
3115 4366 3245 4426 577)

802 4430 836 4480 8
872 4434 1050 4481 trucul.
1080 4434 1122 4482 11
1148 4433 1197 4497 7,
1227 4432 1313 4481 51.
1333 4431 1418 4482 61.
1439 4432 1534 4490 65;
1562 4433 1608 4482 V
1637 4434 1764 4492 1,11
1908 4433 2095 4483 offatim
2123 4435 2200 4482 oe!
2224 4449 2294 4482 ex
2322 4434 2514 4483 affatim
2538 4438 2617 4484 vet
2639 4438 2690 4485 in
2715 4435 2904 4485 offatim
2932 4443 3045 4484 mut.
3071 4437 3128 4484 H
3162 4432 3240 4495 al]-

666 4499 807 4549 futim
846 4499 897 4548 E
1033 4503 1067 4552 9
1116 4501 1166 4551 in
1217 4503 1402 4551 trinum
1448 4503 1745 4552 moneuisne
1795 4502 1904 4551 uult.
1950 4504 1999 4551 A
2140 4506 2258 4553 trin.
2291 4506 2337 4553 11
2371 4505 2422 4566 2,
2458 4506 2524 4554 47
2561 4503 2633 4567 (υ.
2669 4505 2831 4564 328);
2882 4507 2923 4554 11
2959 4508 3011 4566 2,
3048 4506 3135 4558 80.
3176 4503 3243 4555 83

665 4570 733 4633 (v.
776 4568 893 4620 361.
935 4569 1090 4630 364);
1142 4573 1295 4633 1112,
1340 4571 1434 4621 101
1477 4573 1544 4633 (υ.
1584 4573 1742 4635 727);
1793 4574 1881 4620 1111
1923 4574 1969 4625 1.
2014 4572 2047 4622 8
2085 4573 2155 4633 (υ.
2196 4573 2355 4635 827),
2399 4575 2619 4624 saeviter
2654 4577 2752 4625 nisi
2783 4582 2960 4624 eontra
2994 4577 3242 4640 glossato-

665 4644 740 4689 ris
772 4640 1167 4689 consuetudinem
1195 4642 1286 4703 (ef.
1326 4648 1486 4690 tamen
1513 4644 1566 4695 u.
1603 4641 1800 4692 Persae
1835 4649 1884 4691 et
1919 4641 2101 4702 Stichi)
2139 4643 2318 4692 ordine
2354 4644 2551 4693 inverso
2587 4645 2660 4693 ad
2693 4645 2776 4693 llll
2810 4646 2860 4702 3,
2884 4643 2952 4694 53
2989 4651 3062 4708 (υ.
3088 4643 3240 4702 1060)

665 4708 1013 4772 referendum,
1062 4709 1111 4755 in
1156 4725 1264 4758 eam
1299 4712 1522 4760 laminam
1570 4728 1675 4760 rum
1704 4712 1976 4761 Bitschetio
2005 4713 2232 4777 proleqq.
2264 4714 2314 4761 in
2340 4711 2514 4765 Plaut.
2547 4728 2604 4775 p.
2647 4712 2763 4763 XXI
2802 4716 3116 4767 inserendum
3146 4720 3241 4766 est.

665 4793 811 4844 quam
856 4778 934 4826 vir
970 4780 1465 4861 sagacissimns'post
1501 4797 1546 4832 υ.
1585 4780 1689 4832 879
1724 4782 1928 4857 s't'atuin
1970 4781 2057 4830 1111
2086 4782 2138 4842 2,
2174 4781 2243 4832 96
2272 4780 2370 4844 (al.
2410 4783 2509 4838 49:
2551 4799 2596 4831 v.
2631 4782 2760 4839 891)
2904 4784 3090 4832 nudius
3128 4798 3242 4830 sex-

666 4858 764 4898 tus.
805 4861 963 4910 usque
1003 4847 1151 4897 modo
1187 4848 1292 4896 HA
1370 4864 1526 4910 usque
1560 4849 1711 4900 modo
1793 4849 1978 4899 nudius
2016 4859 2191 4901 sextus
2226 4851 2282 4901 K
2423 4851 2610 4901 seuiter
2641 4851 2743 4900 EA
2880 4852 3100 4918 paenulo
3133 4851 3241 4903 HA
