3576 5595
476 590 540 638 47

569 393 698 453 470
1685 391 2058 453 PRlSClANl

683 505 998 560 paveant».
2756 520 2797 559 ρ.
2823 507 3080 548 295-9711.

581 576 908 657 temporis?
973 577 1276 637 Praeteriti
1321 577 1583 656 perfecti.
1676 577 1780 638 Dic.
1832 578 2052 657 primas
2106 577 2232 638 eius
2280 596 2561 657 personas
2611 578 2669 638 in
2715 580 2873 639 omni
2922 588 3183 658 tempore

583 698 687 758 per
747 678 1009 755 singulos
1069 678 1295 738 modos.
1387 678 1701 738 indicativo
1748 680 2016 740 conticeo
2059 679 2426 739 conticebam
2483 680 2737 740 conticui
2785 680 3181 741 conticueram

580 779 911 840 conticcbo.
1003 779 1411 858 imperativum
1470 788 1653 841 totum
1700 780 1813 840 dic.
1905 782 2147 841 Contice
2205 781 2496 841 conticeat
2548 783 2947 842 contineamus
2997 783 3183 842 conti-

580 892 708 943 cete
751 881 1115 953 conticeant;
1163 881 1454 941 conticeto
1487 891 1579 952 tu,
1628 881 1937 950 conticeto„
1963 881 2090 954 ille,
2133 882 2515 953 conticetote‚
2564 884 2896 943 conticeant
2927 883 3011 942 vel
3044 903 3183 943 con-

583 985 819 1043 ticcnto.
911 984 1167 1062 optativo
1224 983 1449 1043 utinam
1514 984 1870 1043 conticerem
1932 983 2349 1043 conticuissem
2409 984 2767 1059 conticeam3
2814 985 3224 1045 subiunctivos

481 1098 549 1148 48
590 1105 722 1146 cum
786 1085 1110 1146 conticeant
1180 1084 1533 1144 conticerem
1592 1085 1972 1144 conticuerim
2041 1084 2457 1144 conticuissem
2520 1087 2890 1160 conticuer03
2960 1086 3183 1146 intinita

584 1187 909 1260 conticere,
970 1183 1360 1258 conticuisse,
1420 1185 1759 1245 conticitum
1806 1186 1889 1246 ire
1935 1185 2020 1244 vel
2067 1185 2478 1245 conticitnrum
2527 1206 2677 1247 esse.
2768 1187 3183 1267 impersonalia

583 1288 893 1349 indicativo
938 1287 1293 1361 conticetur,
1339 1285 1772 1359 conticebatnr,
1814 1287 2154 1347 conticitum
2199 1296 2291 1346 est
2338 1286 2424 1346 vel
2470 1288 2809 1348 conticitum
2857 1289 2997 1360 suit,
3043 1308 3186 1349 con-

586 1391 808 1450 ticitum
856 1400 978 1449 erat
1024 1388 1110 1447 vel
1142 1387 1480 1448 conticitum
1521 1390 1739 1462 suerat,
1790 1387 2212 1474 conticebitpr3
2258 1388 2596 1467 imperativo
2638 1390 3001 1450 conticentur
3044 1409 3185 1449 con-

587 1492 822 1565 ticetor3
860 1489 1118 1568 optativo
1153 1490 1370 1550 utinam
1403 1490 1828 1562 conticeretur,
1869 1490 2206 1550 conticitum
2244 1498 2403 1550 esset
2450 1490 2536 1549 vel
2583 1492 2921 1551 conticitum
2956 1492 3179 1562 suisset,
3209 1508 3256 1545 ιο

585 1593 990 1666 conticeatur;
1039 1592 1407 1653 subiunctivo
1440 1587 1466 1673 Η
1498 1611 1629 1652 cum
1679 1592 2079 1666 conticentur,
2126 1592 2549 1664 conticeretur,
2593 1593 2930 1652 conticitum
2979 1594 3055 1652 sit
3098 1593 3184 1652 vel

586 1695 925 1754 conticitum
987 1693 1188 1765 suerit,
1244 1693 1584 1753 conticitum
1644 1701 1806 1752 esset
1864 1693 1947 1752 vel
1996 1693 2346 1753 conticitum*
2400 1694 2629 1762 suisset,
2688 1693 3026 1772 conticitum
3076 1695 3189 1754 erit

587 1795 673 1855 vel
707 1795 1045 1855 conticitum
1087 1794 1277 1854 suerit.
1319 1791 1327 1876 Ι
1369 1794 1588 1854 infinita
1635 1793 2114 1873 impersonalium
2150 1793 2356 1854 similia
2390 1802 2527 1854 sunt
2564 1795 2839 1874 pass-ivis,
2885 1795 3183 1868 conticeri,

587 1896 927 1956 conticitum
975 1915 1107 1955 esse
1159 1896 1248 1955 vel
1294 1895 1630 1955 conticitum
1684 1897 1898 1968 fuisse,
1962 1895 2302 1955 conticitum
2361 1895 2450 1955 iri.
2542 1895 2691 1966 Quid
2745 1916 2885 1970 ergo
2943 1897 3186 1956 interest

484 2016 552 2065 49
589 1999 741 2058 inter
800 1997 1021 2057 infinita
1089 1997 1565 2076 impersonalium
1607 2006 1663 2056 et
1707 1994 2116 2076 passivorum?
2203 1997 2371 2066 Quod
2420 1996 2906 2076 impersonalibus
2947 1999 3257 2058 intinitis¹⁵

587 2119 832 2159 necesse
879 2110 970 2158 cst
1008 2107 1064 2158 et
1109 2098 1346 2158 verbnm
1386 2107 1443 2157 ct
1481 2118 1804 2178 pronomen
1849 2097 1968 2157 sive
2015 2118 2225 2158 nomen
2274 2098 2622 2174 adiungere,
2670 2106 2732 2158 ut
2772 2098 2984 2158 ‘taceri
3025 2111 3055 2159 a
3094 2120 3186 2161 me

587 2201 775 2272 volo',
823 2201 878 2259 id
920 2209 1003 2260 est
1053 2205 1291 2260 ‘tacere
1334 2199 1519 2260 volo’.
1612 2200 1701 2259 sin
1749 2207 1942 2259 autem
1993 2198 2228 2259 verbnm
2278 2207 2500 2259 tantum
2549 2200 2730 2259 addas
2774 2201 3022 2260 (licendo
3066 2203 3188 2261 ‘ta-

586 2303 705 2363 ceri
759 2301 945 2374 volo’,
1001 2303 1296 2381 passivum
1359 2301 1618 2360 ostendis
1676 2301 1804 2360 sine
1857 2299 2056 2359 (lubio.
2146 2300 2282 2361 licet
2342 2310 2534 2360 tamen
2581 2302 2810 2380 passivo
2858 2302 3031 2361 etiam
3085 2303 3188 2361 ad-

586 2405 829 2480 iungere
890 2403 1201 2462 ablativum
1262 2422 1505 2474 casum,
1562 2401 1664 2475 sed
1728 2410 1792 2460 nt
1846 2400 2235 2478 subiungatur
2289 2410 2346 2461 ct
2408 2403 2776 2462 accusativus
2831 2404 3053 2482 primae
3095 2404 3182 2463 vel

588 2505 883 2565 secundae
935 2504 1020 2564 vel
1065 2503 1268 2563 tertiae
1311 2522 1625 2582 personae,
1677 2510 1738 2562 ut
1784 2503 1930 2578 ‘legi
1981 2503 2106 2562 volo
2154 2523 2245 2562 me
2292 2523 2323 2562 a
2372 2508 2483 2576 te’,
2532 2503 2677 2580 ‘legi
2724 2504 2808 2563 vis
2850 2514 2905 2563 te
2949 2524 2980 2563 a
3028 2513 3256 2577 me’,·20

488 2614 554 2662 50
594 2607 737 2683 ‘legi
780 2605 906 2665 volo
941 2605 1101 2665 illum
1140 2625 1171 2664 a
1220 2625 1312 2666 me
1357 2604 1445 2663 vel
1491 2625 1523 2662 a
1570 2606 1683 2676 te’,
1732 2604 1867 2680 ‘legi
1912 2603 2007 2663 ille
2052 2625 2115 2664 se
2153 2605 2274 2664 vult
2315 2623 2347 2664 a
2393 2624 2485 2664 me
2529 2604 2615 2663 vel
2660 2625 2689 2664 a
2737 2606 2847 2664 te'.
2913 2624 3051 2665 ecce
3094 2605 3187 2665 bic

489 3741 550 3791 51

589 2707 883 2788 passivum
919 2716 1008 2767 est
1055 2708 1181 2766 sine
1223 2706 1432 2778 dnbio,
1484 2705 1617 2784 quia
1663 2714 1720 2764 et
1772 2705 2190 2766 nominativum
2234 2716 2291 2766 et
2334 2707 2725 2766 accusativum
2775 2714 2834 2765 et
2876 2706 3186 2766 ablativum

587 2811 817 2871 adiunxi
871 2809 1126 2879 intinito,
1177 2810 1364 2886 quod,
1417 2809 1464 2867 si
1513 2816 1673 2867 esset
1719 2808 2141 2887 impersonale,
2190 2809 2311 2868 lieri
2362 2828 2476 2868 non
2523 2819 2742 2887 posset.
2836 2829 2968 2869 nam
3015 2829 3187 2869 accu-

588 2914 834 2990 sativum
887 2913 938 2972 ei
1001 2929 1316 2988 numquam
1381 2929 1697 2989 possumus
1741 2910 2115 2985 coniungere.
2207 2929 2274 2969 ex
2317 2909 2413 2970 illo
2455 2928 2690 2988 quoqne
2734 2912 2845 2971 boc
2894 2911 3060 2970 facile
3100 2922 3191 2970 est

589 3016 927 3087 dinoscere,
973 3013 1128 3091 qnod
1173 3012 1565 3091 impersonale
1610 3012 2093 3088 significationem
2130 3011 2305 3071 babet
2343 3012 2584 3071 activam
2630 3013 2800 3072 etiam
2837 3012 2894 3072 in
2942 3012 3184 3072 infinito.
3207 3032 3257 3068 ἐὖ

589 3137 722 3176 nam
774 3115 988 3176 ‘taceri
1039 3136 1068 3174 a
1116 3133 1209 3174 me
1257 3113 1418 3174 volo'
1467 3104 1718 3172 dicimus
1764 3132 1872 3191 pro
1918 3115 2150 3173 ‘tacere
2189 3114 2386 3177 volo';
2456 3114 2710 3173 ‘taceri'
2754 3121 2946 3173 antem
2990 3112 3186 3173 ‘illum

589 3218 754 3277 volo'
814 3237 940 3277 eam
995 3234 1306 3295 personam
1366 3217 1481 3295 pati
1542 3215 1830 3286 ostendit,
1890 3233 2064 3291 quam
2113 3214 2327 3293 protuli
2374 3234 2478 3293 per
2522 3216 2917 3275 accusativum
2965 3233 3185 3275 casum.

590 3320 649 3379 in
692 3317 1181 3399 impersonalibus
1224 3325 1416 3377 autem
1463 3317 1579 3395 pati
1623 3321 1630 3389 Ι
1670 3316 1903 3394 quidem
1952 3317 2243 3375 neminem
2292 3316 2718 3393 significamus,
2779 3334 2951 3393 agere
2995 3323 3188 3375 autem

589 3440 718 3480 eam
791 3439 1101 3499 personam
1158 3419 1558 3488 ostendimus,
1633 3436 1810 3494 qtiam
1879 3436 1984 3497 per
2043 3418 2354 3478 ablativum
2414 3438 2614 3477 casnm
2681 3418 3060 3497 proferimuS,
3128 3424 3237 3477 ut·

590 3521 805 3581 ‘taceri
857 3542 888 3581 a
930 3540 1021 3605 me
1078 3520 1242 3580 volo’
1299 3540 1404 3599 pro
1470 3523 1697 3578 ‘tacere
1765 3518 1949 3589 volo’,
2009 3519 2223 3579 ‘taceri
2272 3539 2301 3578 a
2366 3528 2420 3578 te
2467 3520 2635 3579 volo'
2691 3539 2796 3597 pro
2856 3524 3086 3580 ‘tacere
3131 3528 3186 3578 te
3208 3539 3259 3578 ao

591 3622 778 3694 volo’,
832 3623 1047 3683 ‘taceri
1108 3622 1180 3681 ab
1235 3621 1333 3680 illo
1391 3621 1557 3680 volo’
1615 3624 1999 3699 pro-‘tacere
2066 3621 2225 3681 illum
2282 3621 2467 3680 volo’.
2560 3624 2678 3681 Cur
2722 3622 3061 3681 conticitum
3106 3620 3191 3680 irc

597 3726 731 3785 facit
788 3723 1091 3785 futurum?
1175 3722 1321 3793 Quia
1381 3742 1486 3801 pet·
1541 3724 1784 3782 sormam
1844 3721 2130 3801 participii
2191 3723 2485 3801 praeteriti
2544 3722 2823 3802 temporis
2882 3722 3072 3781 nentri
3135 3729 3192 3780 et

593 3826 879 3888 inlinitum
937 3826 1021 3885 ire
1071 3825 1153 3884 vel
1209 3824 1278 3884 iri
1327 3833 1441 3883 tam
1490 3824 1737 3883 activum
1786 3842 1957 3901 quam
2008 3824 2304 3901 passivum
2355 3827 2678 3902 profertur,
2720 3832 2783 3883 ut
2832 3822 3067 3882 tacitum
3110 3822 3191 3882 ire

591 3938 649 3990 et
690 3929 928 3988 tacitum
975 3928 1041 3987 iri
1091 3925 1207 4006 [vc-„l
1253 3927 1510 3986 futurum
1552 3924 1719 3983 activi
1771 3925 2139 4004 participium
2184 3934 2234 3983 et
2293 3945 2425 3984 esse
2472 3926 2555 3984 vel
2610 3926 2832 3997 fnisse,
2880 3925 3190 3985 taciturum

564 4050 725 4115 ‘csse
767 4030 851 4089 vel
897 4029 1097 4088 fuisse..
1176 4028 1458 4086 taciturus
1491 4035 1581 4085 est
1611 4027 1766 4086 enim
1811 4026 2179 4105 participium
2214 4025 2424 4097 futuri,
2470 4027 2767 4105 praeteriti
2808 4047 2943 4086 vero
2979 4026 3187 4086 tacitus
3210 4041 3260 4078 35»

592 4132 766 4192 tacita
805 4129 1094 4208 tacitum}
1160 4149 1299 4206 crgo
1347 4129 1401 4187 in
1450 4127 1672 4187 neutris
1719 4127 1945 4199 verbis,
1992 4128 2255 4204 qumvis
2301 4147 2417 4187 non
2459 4126 2576 4187 sint
2619 4128 2920 4207 participia
2965 4136 3194 4207 praete-

594 4233 719 4304 riti,
772 4233 841 4292 ad
901 4230 1341 4291 similitudinem
1400 4226 1773 4309 liabenffitium
1850 4230 1994 4289 hacc
2064 4229 2446 4307 proferimus,
2505 4237 2567 4288 ut
2628 4237 2841 4289 statum
2902 4230 2987 4289 ire
3042 4228 3195 4291 sicut

735 4456 762 4502 7
806 4454 882 4501 vel
932 4453 1285 4501 conticiturum
1322 4466 1436 4497 csse
1469 4466 1561 4498 om.
1606 4448 1691 4496 GS
1829 4451 1861 4499 9
1897 4450 2170 4497 conticetor
2203 4464 2293 4496 om.
2331 4449 2415 4498 CG
2562 4448 2621 4496 13
2662 4450 2855 4498 infinita
2894 4450 3191 4514 inpersona-

595 4526 655 4574 lis
693 4526 735 4572 C
795 4524 988 4571 intinitn
1028 4521 1105 4568 ncl
1145 4522 1486 4584 inpersonalia
1525 4520 1565 4567 G
1624 4520 1969 4583 inpersonalia
2007 4520 2047 4565 S
2189 4519 2251 4567 18
2288 4517 2507 4566 ostendit
2547 4520 2629 4563 (W
2772 4521 2829 4569 21
2879 4520 2976 4583 legi
3018 4520 3097 4567 ille
3137 4536 3191 4566 se

593 4595 700 4642 uult
735 4608 764 4639 a
803 4608 882 4639 ine
922 4593 1000 4639 nel
1041 4608 1068 4638 a
1107 4600 1152 4639 tc
1183 4592 1222 4637 S
1272 4591 1430 4638 amari
1471 4590 1553 4637 ille
1587 4590 1694 4637 uult
1731 4604 1757 4635 a
1799 4606 1877 4637 me
1915 4590 1997 4638 Co'
2134 4588 2200 4635 22
2241 4589 2357 4648 quia
2397 4588 2460 4635 ad
2502 4588 2870 4637 nominatinum
2898 4600 2945 4637 ct
2984 4605 3191 4638 accusa-

591 4665 753 4710 tiuum
795 4671 843 4707 et
880 4661 1155 4708 ablatinnm
1198 4659 1493 4723 adiungitur
1530 4659 1780 4706 inlinitum
1819 4660 1860 4705 S
2033 4655 2099 4705 23
2145 4673 2257 4706 num
2291 4685 2349 4691 —-
2379 4658 2445 4706 24
2471 4660 2781 4722 coniungere
2819 4674 2894 4707 om
2947 4661 3031 4707 Gli

592 4733 659 4779 313
697 4730 759 4776 iri
797 4730 875 4776 nel
916 4730 986 4776 ire
1020 4731 1089 4787 ΙΙ,
1124 4745 1214 4780 om.
1248 4730 1289 4775 S
1320 4748 1335 4777 .·
1376 4730 1447 4776 ire
1470 4749 1576 4777 nn
1600 4738 1701 4776 tam
1738 4727 1999 4790 passinnm
2041 4742 2188 4789 quam
2230 4728 2449 4775 actinnm
2489 4728 2530 4775 G
2627 4729 2831 4777 tacitum
2876 4730 2947 4776 ire
2986 4729 3191 4776 tacitum

593 4800 650 4846 iri
688 4805 738 4844 et
767 4797 872 4843 dno
909 4800 1092 4861 supina
1134 4798 1336 4845 tacitum
1376 4799 1530 4858 tacitn
1569 4808 1616 4845 ct
1654 4796 1880 4845 futurum
1918 4796 2069 4843 actiui
2111 4798 2427 4861 participium
2468 4800 2713 4847 taciturus
2751 4810 2823 4846 est
2863 4800 2993 4846 enim
3036 4797 3192 4862 parti-

593 4866 782 4929 cipium
819 4866 1075 4926 praeteriti
1112 4866 1354 4931 vtemporis
1392 4868 1575 4916 tacitus
1610 4866 1760 4914 tacita
1799 4867 2003 4914 tacitum
2043 4868 2082 4913 S
