3576 5595
923 412 1418 473 PARTITIONES
1459 412 1564 474 Xll
1608 411 1821 472 VERS.
1865 412 2033 472 AEN.
2078 412 2138 472 V.
2184 422 2407 477 92-99
2848 411 2969 474 481

488 539 531 579 p.
565 527 680 569 12⁴³.
710 526 759 567 44
787 527 834 569 P.
2547 538 2589 579 p.
2616 526 2795 567 ³12—1t
2825 527 2877 569 Κ.

385 597 524 664 dum
557 598 911 660 Donatum
946 618 1082 678 pars
1118 597 1398 659 orationis
1444 617 1575 658 cum
1622 617 1761 658 casu
1803 617 2019 677 corpus
2058 606 2159 658 aut
2199 616 2322 657 rem
2369 597 2604 676 proprie
2655 599 2981 660 communi-

383 707 543 760 terve
589 699 960 777 siguiiicans,
1007 700 1328 761 secundum
1373 698 1852 778 Apollonium
1896 718 2036 778 pars
2077 696 2358 759 orationis
2410 717 2559 777 quae
2617 699 2977 778 singularum

387 801 776 880 corporalium
823 820 1016 862 rerum
1062 801 1148 861 vel
1195 800 1648 880 incorporalium
1703 800 2254 861 sibi‘subiectarum
2302 800 2637 877 qualitatem
2676 802 2973 880 propriam

383 901 473 963 vel
519 921 890 963 communem
938 903 1289 963 manifestat.
1384 902 1542 971 Quot
1589 901 1863 962 accidunt
1909 900 2173 963 nomini?
2244 903 2388 975 Sex,
2447 901 2697 980 qualitas
2743 903 2973 982 species

340 1021 571 1081 sgenus
619 1022 899 1064 numerus
945 1005 1127 1081 ligura
1188 1023 1381 1064 casuS.
1472 1022 1605 1063 nam
1653 1003 2015 1090 cognparatio
2063 1001 2336 1080 generale
2378 1003 2652 1065 accidens
2699 1023 2816 1064 non
2864 1011 2971 1066 est.

386 1103 569 1174 Quale
618 1113 710 1165 est
764 1106 877 1165 hoc
932 1103 1188 1165 nomen?
1256 1103 1698 1184 Appellativum.
1792 1105 1971 1166 Cuius
2017 1112 2109 1164 est
2151 1101 2445 1186 speciei‘I·
2477 1104 2840 1181 Adiectivae3
2887 1116 2978 1166 est

384 1212 577 1265 tamen
625 1214 684 1265 et
722 1206 793 1267 ad
839 1205 1053 1283 aliquid
1097 1214 1155 1266 et
1196 1204 1429 1266 mobile.
1522 1214 1579 1266 et
1628 1205 1855 1266 videtur
1899 1206 2071 1265 etiam
2118 1205 2493 1266 derivativum
2539 1224 2672 1267 esse
2718 1225 2748 1266 a
2780 1207 2974 1280 modo,

381 1305 495 1366 hoc
541 1316 630 1366 est
670 1325 701 1366 a
749 1325 1056 1381 mensura,
1103 1306 1259 1367 unde
1305 1315 1397 1367 est
1441 1315 1498 1366 et
1541 1306 1807 1383 modius,
1852 1315 1912 1367 ‘et
1959 1306 2320 1368 differentiae
2359 1325 2535 1367 causa
2575 1307 2803 1368 medius
2848 1327 2976 1368 mu-

384 1407 522 1467 tavit
578 1426 612 1466 o
657 1408 718 1468 in
771 1428 833 1468 e:
894 1408 982 1468 vel
1028 1429 1058 1468 a
1108 1410 1329 1469 Graeco
1390 1407 1610 1488 dictum
1668 1416 1790 1483 est,
1844 1406 2015 1486 μέσος
2062 1408 2308 1469 medius.
2400 1408 2704 1469 sciendum
2753 1418 2967 1484 tamen,
3007 1427 3075 1479 9ss

319 1533 363 1572 ιο
385 1509 540 1586 quod
584 1510 778 1570 omnia
834 1508 1112 1570 adiectiva
1159 1510 1217 1571 in
1267 1528 1336 1569 us
1380 1509 1708 1570 desinentia
1768 1508 2002 1571 mobilia
2043 1517 2183 1570 sunt
2245 1517 2489 1589 excepto
2537 1518 2700 1571 vetus
2747 1511 2973 1583 veteris»,

384 1609 539 1686 quod
586 1610 972 1688 antiquissimi
1018 1619 1177 1670 veter
1215 1612 1222 1688 Ι
1263 1610 1554 1671 dicebant.
1626 1612 1806 1672 Cuius
1846 1621 1936 1672 est
1972 1608 2247 1690 generis?
2291 1610 2512 1671 Neutri.
2593 1611 2697 1671 Dic
2744 1631 2977 1672 mascu-

383 1709 586 1772 linum.
675 1711 932 1786 Medius»,
990 1731 1058 1772 ex
1116 1731 1232 1790 quo
1288 1712 1353 1771 fit
1396 1711 1585 1773 media
1629 1712 1904 1772 medium.
1994 1711 2187 1772 omnia
2228 1712 2382 1771 enim
2429 1721 2546 1772 tam
2594 1713 2652 1773 in
2694 1733 2763 1773 us
2800 1731 2974 1790 quam

383 1812 443 1872 in
485 1831 550 1873 er
591 1813 913 1874 desinentia
955 1812 1266 1886 adiectiva,
1311 1810 1361 1873 si
1401 1811 1521 1872 sint
1558 1813 1853 1873 secundae
1890 1812 2325 1888 declinationiS,
2367 1833 2500 1874 cum
2529 1814 2684 1894 apud
2719 1815 2975 1876 Graecos

305 1963 312 1974 ,
384 1914 474 1974 vel
518 1916 857 1976 communia·
907 1910 1279 1976 inveniantur
1326 1914 1414 1974 vel
1467 1914 1737 1988 mobilia,
1784 1914 1940 1994 apud
1985 1933 2094 1974 nos
2134 1913 2260 1975 sine
2297 1914 2474 1974 dubio
2532 1914 2766 1976 mobilia
2815 1923 2974 1990 sunt,

318 2040 365 2081 ιε
386 2024 450 2075 ut
493 2002 526 2074 ὁ
572 2007 823 2093 εὐτυχὴς
881 2013 978 2074 καὶ
1038 2006 1077 2092 ἦ
1137 2006 1388 2093 εὐτυχὴς
1435 2012 1534 2073 καὶ
1583 2004 1648 2073 τὸ
1692 2004 1924 2092 εὐτυχές
1969 2015 2064 2076 hic
2116 2017 2447 2077 fortunatus
2491 2016 2639 2077 haec
2683 2018 2975 2078 fortunata

382 2116 496 2178 hoc
549 2119 939 2195 fortunatum,
995 2112 1028 2177 ὃ
1083 2106 1317 2196 ἀγαθὸς
1368 2104 1407 2193 ἡ
1464 2106 1668 2195 ἀγαθὴ
1723 2107 1793 2176 τὸ
1847 2108 2084 2197 ἀγαθόν
2124 2114 2151 2199 [Ι
2199 2117 2392 2178 bonus
2445 2117 2599 2182 bona
2643 2117 2896 2190 bonum,
2943 2103 2976 2175 ὁ

381 2205 718 2297 ὁπλοφόρος
752 2208 791 2293 ἡ
826 2209 1159 2297 ὁπλοφόρος
1193 2208 1260 2279 τὸ
1304 2205 1647 2294 ὁπλοφόρον
1686 2218 1940 2295 armiger
1982 2219 2268 2297 armigera
2314 2217 2696 2296 armigerum,
2741 2204 2773 2276 ὁ
2815 2208 2975 2297 ἱερὸς

378 2311 418 2398 ἡ
461 2310 591 2398 sepo}
620 2309 686 2379 τὸ
732 2314 893 2398 ἱερόν
925 2340 1093 2381 sacer
1137 2339 1302 2381 sacra
1348 2339 1599 2381 sacrum.
1694 2320 1875 2380 Cuius
1920 2328 2011 2381 est
2052 2317 2327 2381 numeri?
2365 2318 2710 2397 SingulariS,
2750 2320 2969 2398 figurae
3005 2337 3074 2390 97

382 2422 698 2501 simplicis,
757 2441 931 2482 casus
984 2422 1079 2481 hic
1130 2421 1466 2483 accusativi.
1557 2422 1793 2482 tenebat
1847 2423 2000 2483 enim
2042 2422 2281 2482 verbum
2330 2421 2727 2482 accusativum
2776 2420 2969 2499 exigit.

312 2531 477 2588 west
536 2531 728 2584 tamen
786 2523 844 2583 in
904 2524 1178 2585 omnihus
1239 2523 1462 2584 neutris
1514 2523 1667 2583 idem
1723 2543 1899 2584 casus
1955 2523 2344 2585 nominativus
2395 2531 2454 2583 et
2505 2523 2873 2584 accusativus
2916 2533 2976 2584 et

380 2624 697 2685 vocativus.
789 2625 970 2686 Cuius
1017 2634 1107 2686 est
1148 2623 1595 2685 declinationis?
1640 2626 1981 2687 Secundae:
2030 2626 2224 2686 omnia
2271 2623 2516 2686 enimin
2555 2644 2653 2685 um
2700 2624 2974 2686 desinen-

380 2726 456 2786 tia
514 2726 641 2786 sine
686 2725 864 2786 dubio
916 2726 1209 2788 secundae
1264 2734 1398 2787 sunt
1445 2726 1871 2788 declinationis.
1960 2727 2078 2787 Fac
2122 2727 2194 2786 ab
2241 2745 2313 2790 e·
2358 2725 2755 2787 derivativum.
2844 2725 2966 2786 Me·
3002 2741 3072 2793 98

379 2827 596 2909 dietas
621 2828 935 2889 mediocris
995 2828 1396 2889 meditullium.
1485 2828 1870 2889 mediastinus
1924 2847 2159 2906 quoque
2219 2828 2356 2905 inde
2400 2828 2629 2888 videtur
2674 2828 2967 2907 componi,

377 2929 512 3006 quia
568 2929 790 2990 medias
850 2937 1046 3008 partes
1103 2929 1293 2989 balnei
1351 2935 1537 3002 tenet,
1598 2928 1709 2988 hoc
1770 2937 1862 3000 est
1913 2930 1971 2990 in
2027 2929 2220 2989 medio
2266 2928 2577 2990 lavantium
2640 2937 2771 2989 stat.
2863 2928 2969 2989 Dic

263 3016 276 3024 ’
307 3052 359 3092 25
379 3029 535 3090 aliud
578 3030 987 3108 compositum.
1077 3029 1536 3090 Mediterraneus
1579 3039 1636 3089 et
1682 3030 1969 3091 mediana.
2060 3028 2395 3090 adverbium
2436 3030 2645 3091 medie.
2726 3030 2965 3091 verbum

378 3130 451 3190 ah
497 3150 566 3191 eo
612 3132 1002 3209 compositum
1047 3130 1285 3191 dimidio
1326 3130 1592 3191 dimidias
1630 3130 1933 3205 dimidiat,
1980 3132 2138 3192 unde
2176 3138 2235 3190 et
2280 3129 2636 3191 dimidiatus.

547 3234 832 3292 Aeneas
879 3219 1209 3310 quae'pars
1256 3232 1536 3293 orationis
1579 3229 1709 3293 est?
1776 3232 2021 3293 Nomen.
2101 3229 2328 3302 Quale?
2371 3231 2697 3310 Proprium.
2785 3232 2967 3294 Cuius
2999 3248 3069 3301 99

378 3343 469 3395 est
513 3331 774 3413 speciei?
831 3333 1191 3406 primitivae,
1238 3334 1470 3412 generis
1516 3332 1854 3406 masculini,
1898 3334 2126 3394 numeri
2171 3331 2518 3410 singulariS,
2566 3334 2785 3410 figurae
2829 3334 2969 3394 sim·

377 3435 577 3515 pliciS,
632 3453 804 3495 casus
850 3435 1203 3496 nominativi.
1258 3433 1266 3517 Ι
1321 3435 1548 3505 Quotae
1594 3443 1685 3495 est
1732 3433 2184 3495 declinationis?
2257 3433 2502 3494 Primae.
2578 3432 2740 3495 Cur?
2814 3434 2964 3505 Quia

309 3536 575 3601 eoomnia
622 3538 841 3606 Graeca
898 3536 956 3597 in
1011 3556 1077 3597 as
1122 3536 1442 3598 desinentia
1469 3583 1484 3611 ,
1542 3536 1591 3597 si
1638 3536 1791 3615 apud
1831 3533 1961 3595 illos
2005 3554 2113 3614 per
2153 3556 2224 3594 ου
2266 3534 2669 3615 diphthongon
2715 3536 2969 3596 ess'erunt

377 3640 738 3717 genetivum,
783 3637 937 3717 apud
979 3656 1087 3698 nos
1119 3637 1246 3699 sine
1284 3636 1460 3698 dubio
1508 3637 1730 3716 primae
1770 3620 1911 3698 sunt
1948 3635 2388 3710 declinationis,
2430 3635 2671 3708 Αἰνείας
2716 3635 2965 3695 Αἰνείου

374 3743 602 3802 Aeneas
635 3744 881 3802 Aeneae.
974 3739 1192 3817 antiqui
1239 3748 1431 3800 tamen
1475 3737 1884 3799 huiuscemodi
1917 3738 2154 3799 nomina
2192 3738 2419 3816 absque
2452 3757 2482 3798 s
2520 3737 2788 3799 solebant
2827 3757 2966 3818 pro-

377 3843 560 3915 ferre,
609 3843 765 3920 quod
814 3841 1216 3903 Terentius
1264 3841 1478 3918 ubique
1529 3840 1701 3915 facit,
1750 3839 1919 3900 Sosia
1974 3839 2174 3918 Byrria
2221 3840 2478 3901 Chaerea
2528 3839 2669 3900 Geta
2712 3858 2963 3920 ponenS,

377 3952 439 4004 ut
480 3944 541 4003 in
583 3943 858 4004 Andria

307 4071 360 4112 35
1763 4052 1886 4103 aut
1920 4050 1989 4102 tu
2032 4051 2153 4104 aut
2197 4042 2319 4104 hic
2362 4042 2658 4122 Byrria5

376 4137 434 4191 et
480 4129 897 4203 luvenalis,
1899 4230 2033 4290 ceu
2067 4211 2347 4291 Marsya
2385 4212 2657 4273 victus,

519 4402 540 4451 1
582 4401 859 4452 secundum
891 4397 1164 4465 Donatum]
1200 4413 1253 4461 p.
1290 4397 1420 4447 1743
1527 4400 1558 4447 2
1593 4398 1873 4446 secuudum
1900 4394 2252 4462 Apollonium]
2281 4398 2349 4460 ef.
2386 4397 2642 4448 Priscian.
2677 4415 2730 4463 p.
2753 4398 2855 4449 577

374 4472 708 4537 singularium
749 4471 790 4521 G
925 4469 958 4520 3
993 4470 1091 4518 sibi
1128 4469 1468 4518 subiectarum
1509 4467 1552 4517 G
1587 4466 1687 4515 sibi
1725 4467 2067 4515 subiectorum
2108 4466 2153 4515 G
2186 4466 2524 4517 subiectorum
2555 4466 2597 4517 S
2735 4469 2769 4517 4
2800 4468 2960 4516 mani-

376 4541 528 4591 festat
564 4543 651 4592 CG
688 4540 942 4606 significat
976 4538 1018 4587 S
1161 4538 1225 4589 10
1263 4538 1512 4586 adiectiua
1549 4536 1973 4600 appellatiiiorum
2014 4537 2061 4584 in
2105 4550 2166 4586 us
2204 4535 2288 4586 CG
2429 4546 2478 4585 et
2514 4537 2719 4587 mobilia
2749 4537 2834 4587 CG

361 4610 439 4660 -23
470 4609 1074 4660 meditullium.medicos
1100 4622 1302 4671 quoque
1333 4606 1534 4671 uidetur
1573 4604 1689 4653 inde
1726 4605 1890 4655 dictus
1929 4606 2047 4667 quia
2084 4607 2417 4670 temperantia
2454 4608 2678 4656 medium
2715 4614 2790 4654 est
2824 4607 2964 4655 inae·

371 4680 629 4741 qualitatis
668 4695 797 4743 quae
834 4679 962 4729 solet
998 4677 1109 4726 fleri
1145 4693 1210 4726 ex
1246 4676 1513 4727 contrariis
1550 4674 1812 4722 elementis
1834 4711 1844 4721 .
1866 4674 2228 4724 mediastrinus
2278 4675 2399 4725 inde
2436 4674 2477 4724 S
2615 4675 2964 4723 mediastrium

370 4749 413 4797 0
437 4749 745 4798 mediatinus
780 4749 824 4798 G
964 4746 1031 4795 25
1068 4746 1302 4794 mediana
1340 4747 1380 4795 S
1415 4742 1703 4792 mediamna
1742 4743 1784 4792 C
1817 4743 2072 4791 medimna
2113 4744 2157 4793 G
2296 4744 2364 4795 33
2403 4744 2557 4793 birria
2592 4742 2634 4792 S
2737 4758 2883 4793 cerea
2914 4744 2958 4792 G

510 4816 578 4868 34
625 4819 676 4866 in
715 4812 932 4880 Andria]
977 4816 1016 4864 ll
1057 4817 1120 4872 1,
1159 4813 1226 4865 33
1387 4813 1455 4864 35
1503 4821 1590 4861 aut
1627 4820 1680 4860 tu
1717 4820 1804 4860 aut
1840 4810 1923 4860 hic
1953 4810 1996 4859 S
2047 4822 2135 4861 aut
2167 4822 2251 4861 tua
2290 4812 2369 4862 hic
2407 4814 2450 4863 G
2501 4822 2590 4863 aut
2626 4813 2710 4862 uia
2747 4823 2834 4862 aut
2881 4813 2965 4863 hic

369 4889 412 4941 G
547 4886 703 4935 birria
742 4886 782 4933 S
919 4884 987 4934 36
1027 4881 1302 4947 luvenalis]
1341 4881 1443 4943 9,2
1584 4881 1650 4932 37
1688 4881 1876 4931 marsia
1913 4879 2042 4932 CGS

535 4988 943 5032 onauuxrrci
989 4987 1212 5029 Lam-xm
1258 4987 1352 5027 111.
2474 4966 2549 5043 31
