3576 5595
1314 422 1543 490 LIBER
1584 424 1737 489 xvu
1784 433 2097 491 114-119
2873 419 2992 486 169
3058 452 3065 457 ·
3105 454 3112 459 ·

543 576 554 589 .
586 547 696 591 mse.
725 547 773 589 ετ
803 547 851 590 P.
2589 553 2632 594 p.
2663 542 2726 585 eo.
2756 544 2807 585 67
2833 543 2887 586 K.

408 562 702 702 quciinodo
746 627 803 680 et
840 617 1194 700 primitivum
1241 616 1398 691 eius,
1451 617 1508 677 id
1560 623 1651 676 est
1696 614 1812 676 nisi
1863 614 2028 695 prius
2074 632 2105 675 a
2152 632 2499 695 possessore
2557 613 2683 674 eius
2727 615 2994 694 proticis-

411 732 577 786 catur
605 723 665 784 in
711 722 880 783 aliam
924 720 1168 782 verbum
1206 737 1520 798 personam
1566 725 1625 778 et
1667 716 1753 778 sic
1797 718 1869 778 ab
1913 717 2009 778 illa
2053 736 2258 779 rursus
2294 717 2365 778 ad
2395 716 2835 796 possessionem
2879 725 3034 805 ter-—

384 827 558 899 tiae,
605 825 758 885 sicut
801 832 860 883 et
905 823 978 884 ad
1014 841 1109 896 se,
1157 830 1221 881 ut
1263 799 1476 898 ‘rogat‘
1509 839 1602 879 me
1642 818 1769 893 ille,
1815 827 1877 880 ut
1911 839 2055 881 suus
2102 838 2306 882 servus
2345 820 2638 880 ministret
2685 818 2861 879 mihi'
2907 820 2993 880 vel

410 926 572 1003 ‘tibi3
616 933 922 1006 precatur,
969 933 1033 984 ut
1074 923 1166 984 sui
1209 923 1392 1002 patris
1437 922 1752 997 miserear3
1800 922 1947 1001 petit
1989 932 2076 996 tc,
2125 930 2187 982 ut
2231 941 2339 983 suo
2381 919 2574 1002 prosis
2621 920 2771 996 lilio;
2818 921 2992 982 ohse-

360 1049 385 1088 5
412 1038 537 1091 crat
570 1028 774 1090 Cicero
812 1027 1161 1100 Varronem,
1207 1032 1271 1085 ut
1310 1043 1481 1085 suum
1515 1023 1746 1083 erudiat
1781 1028 2040 1084 natum'.
2131 1031 2188 1084 et
2229 1024 2582 1097 notandum,
2627 1023 2816 1101 quod,
2864 1042 2995 1084 cum

411 1152 445 1192 a
487 1129 654 1191 tertia
702 1129 760 1190 in
806 1128 1033 1189 tertiam
1080 1130 1144 1189 tit
1184 1126 1519 1187 retransitio
1566 1144 1914 1205 personam,
1957 1125 2014 1186 in
2062 1124 2302 1187 dubium
2346 1127 2501 1186 venit
2544 1125 2878 1204 possessio,
2925 1124 2998 1185 ad

411 1250 580 1311 quam
626 1230 916 1312 pertineat
962 1249 1193 1304 earum,
1254 1236 1320 1290 ut
1376 1230 1580 1307 ‘rogat
1618 1229 1728 1288 iste
1772 1226 1969 1302 illum,
2029 1245 2102 1287 ne
2147 1247 2255 1289 suo
2307 1235 2517 1288 noceat
2564 1228 2754 1300 filio',
2813 1226 2999 1287 ambi-

411 1353 620 1414 guum,
663 1333 831 1394 cuius
877 1335 1021 1393 ‘suo
1067 1330 1254 1404 filio’,
1311 1330 1478 1391 istius
1522 1349 1597 1390 an
1642 1329 1828 1403 illius,
1888 1328 1944 1389 id
1991 1335 2081 1389 est
2121 1327 2382 1407 rogantis
2436 1348 2510 1391 an
2571 1330 2697 1391 eius
2753 1329 2849 1407 qui
2900 1347 2999 1388 ro-

412 1447 614 1515 gatur,
674 1435 968 1514 quomodo
1024 1443 1081 1494 ct
1135 1433 1288 1512 apud
1341 1434 1596 1494 Graecos
1648 1433 1986 1510 παρακαλεῖ
2024 1424 2355 1513 ΠλάΗτωνα
2401 1420 2836 1511 Ἀριστοτέλης,
2894 1428 2998 1488 ἵνα

338 1556 386 1596 10
412 1536 515 1598 τὸν
590 1535 801 1598 ἑαυτοῦ
862 1537 1039 1613 φίλον
1103 1528 1398 1619 παιδεύσῃ
1456 1534 1697 1597 dubium
1761 1536 1857 1608 fit,
1942 1541 2136 1594 utrum
2204 1532 2462 1595 Platonis
2521 1553 2595 1594 an
2672 1531 2997 1594 Aristotelis

411 1659 602 1703 suum.

546 1740 818 1802 Omnium
852 1740 1322 1819 possessivorum
1352 1746 1469 1799 tam
1497 1738 1800 1799 nominum
1828 1756 1999 1817 quam
2026 1737 2439 1818 pronominum
2470 1756 2576 1817 per
2611 1755 2814 1816 quem·
2839 1742 3027 1796 XVIII
3071 1741 3167 1793 118

416 1862 667 1921 eumque
701 1860 900 1904 casum
934 1842 1295 1920 prolatorum
1333 1840 1462 1900 loco
1493 1840 1632 1901 licet
1666 1839 1948 1919 genetivis
1984 1840 2067 1902 uti
2107 1840 2560 1919 primitivorum,
2604 1849 2669 1901 ut
2701 1842 2996 1903 ‘Euandri

415 1945 604 2006 filius'
657 1942 665 2025 Ι
718 1962 824 2023 pro
880 1941 1248 2003 ‘Euandrius
1302 1941 1495 2003 lilius'
1556 1950 1614 2001 et
1668 1941 1964 2003 ‘Euandri
2011 1940 2148 2002 sslii'
2208 1960 2315 2020 pro
2374 1941 2690 2003 ‘Euandrii
2737 1943 2871 2004 filii'
2942 1954 3000 2006 et

341 2045 712 2107 is‘Euandri
761 2044 918 2106 filio'
979 2064 1086 2123 pro
1145 2042 1476 2104 ‘Euandrio
1530 2043 1680 2103 lilio'
1728 2051 1787 2104 et
1836 2043 2130 2103 ‘Euandri
2179 2041 2398 2105 filium'
2445 2063 2553 2123 pro
2597 2044 2998 2106 ‘Euandrium

415 2147 636 2208 lilium'
674 2153 732 2206 et
774 2145 1071 2207 ‘Euandri
1117 2145 1233 2206 fili'
1280 2164 1386 2224 pro
1429 2144 1761 2205 ‘Euandrie
1806 2143 1924 2206 tili’
1984 2153 2041 2205 et
2085 2146 2197 2206 ‘ab
2234 2145 2492 2206 Euandri
2539 2145 2692 2207 filio’
2739 2166 2846 2227 pro
2892 2146 2999 2208 ‘ab

414 2248 711 2312 Euandrio
754 2247 930 2308 tilio'.
1023 2247 1290 2309 similiter
1341 2265 1449 2325 per
1499 2265 1704 2307 omnes
1763 2266 1937 2308 casus
1992 2255 2110 2307 tam
2157 2246 2481 2324 singulares
2525 2265 2698 2325 quam
2743 2248 3000 2328 plurales

413 2352 551 2412 licet
593 2357 711 2410 tam
754 2348 1202 2429 pronominibus
1255 2366 1426 2425 quam
1483 2348 1817 2410 nominibus
1875 2348 1974 2408 uti.
2077 2349 2272 2428 itaque
2313 2349 2449 2409 licet
2503 2350 2802 2427 genetivos
2856 2368 3001 2427 quo-

414 2470 799 2530 rumcumque
857 2450 1177 2511 casualium
1237 2469 1369 2510 cum
1439 2450 1788 2529 possessivis
1844 2469 1952 2529 per
2002 2469 2429 2529 quemcumque
2494 2469 2695 2512 casum
2761 2452 3001 2531 prolatis

339 2571 391 2613 20
417 2555 805 2633 coniungere,
856 2562 923 2613 ut
960 2554 1123 2613 ‘mea
1156 2570 1331 2612 causa
1371 2551 1570 2612 labora
1613 2559 1669 2611 et
1711 2550 1974 2625 illorum,
2021 2571 2217 2613 meum
2256 2562 2480 2633 patrem
2526 2554 2745 2615 honora
2791 2562 2847 2614 et
2893 2554 3004 2615 Ca-

415 2657 599 2730 tonis,
658 2663 758 2716 tuo
807 2642 961 2733 patri
1017 2672 1158 2733 pare
1217 2660 1275 2728 et
1327 2651 1553 2727 fratris,
1604 2661 1770 2715 tuum
1826 2653 2238 2732 imperatorem
2292 2663 2350 2716 et
2407 2655 2866 2716 commilitonum
2909 2675 3003 2716 se-

414 2777 624 2839 quere,
685 2776 721 2817 o
765 2766 969 2818 noster
1020 2765 1079 2817 et
1134 2755 1332 2817 fratris
1388 2755 1500 2817 mei
1560 2761 1759 2835 pater,
1817 2773 1924 2817 sua
1976 2753 2075 2816 ille
2131 2756 2371 2817 conlidit
2419 2765 2475 2818 et
2517 2757 2701 2838 patris
2745 2757 3000 2828 virtute’.

415 2861 682 2934 similiter
749 2860 1034 2937 figuratur
1097 2857 1456 2920 constructio
1526 2858 1586 2918 in
1652 2858 1925 2920 omnibus
1988 2858 2359 2937 possessivis,
2468 2859 2877 2921 Terentius
2939 2858 2999 2920 in
3040 2857 3139 2911 119

417 2962 720 3023 Andria:

344 3080 395 3121 25
1032 3079 1192 3121 meo
1237 3060 1545 3135 †studio
1591 3069 1810 3138 atque
1854 3061 2205 3141 hospitis.

420 3171 511 3225 est
543 3173 737 3223 tamen
783 3162 973 3240 aliqua
1022 3162 1348 3222 differentia
1394 3164 1454 3223 in
1492 3162 1826 3242 possessivo
1871 3163 2078 3223 tertiae
2134 3182 2452 3243 personae,
2513 3164 2679 3224 cuius
2739 3164 3004 3225 nomina-

420 3266 535 3327 tivo
572 3273 712 3325 tunc
751 3265 999 3336 utimur,
1046 3265 1279 3342 quando
1323 3263 1395 3324 ad
1427 3282 1599 3325 suum
1643 3241 2052 3343 possessorem
2088 3266 2389 3345 possessio
2424 3266 2828 3326 transitionem
2867 3266 3004 3326 facit

420 3376 480 3428 et
521 3385 641 3427 non
686 3366 759 3426 ad
802 3366 1009 3440 alium,
1053 3373 1116 3426 ut
1155 3366 1404 3444 ‘indiget
1444 3365 1625 3427 illius'
1665 3365 1753 3426 vel
1794 3366 2123 3428 ‘Ciceronis
2159 3386 2301 3428 suus
2336 3368 2535 3442 lilius'‚
2582 3371 2866 3447 ‘praestat
2896 3366 3001 3427 illi'

564 3553 588 3603 1
630 3553 684 3602 id
710 3561 786 3603 est
814 3553 895 3604 sui
921 3553 1020 3601 nisi
1050 3555 1102 3603 N
1241 3566 1539 3617 possessore
1575 3551 1706 3618 eius]
1746 3569 1776 3600 r
1813 3566 2111 3616 possessore
2150 3553 2231 3602 ius
2267 3556 2314 3605 R
2468 3556 2501 3604 2
2531 3555 2742 3605 uerbum
2773 3569 2843 3604 ex
2862 3553 3002 3603 uerbi

417 3639 552 3677 corr.
592 3626 639 3673 D
679 3623 863 3672 uebum
901 3621 944 3671 S
1082 3623 1147 3671 ad
1189 3620 1595 3687 possessionem]
1623 3639 1653 3670 r
1685 3624 2095 3688 apossessiouem
2131 3623 2178 3672 R
2321 3625 2352 3675 3
2392 3639 2471 3673 me
2513 3624 2590 3673 uel
2625 3632 2675 3673 te
2710 3623 2791 3672 uel
2827 3624 2911 3673 ille
2943 3624 3008 3672 M

555 3692 833 3756 ministret]
872 3708 903 3739 r
939 3694 1168 3743 minister
1201 3694 1247 3742 R
1419 3693 1449 3740 4
1495 3702 1763 3758 praecatur
1788 3693 1869 3742 Ην
1913 3699 2178 3756 praecatur
2213 3707 2294 3742 me
2333 3693 2397 3742 M
2570 3695 2695 3758 petit
2728 3702 2807 3751 te,
2846 3689 2932 3757 ut]
2974 3709 3005 3741 r

418 3765 574 3828 petite
611 3771 659 3812 et
693 3763 741 3812 R
880 3763 914 3812 5
951 3764 1149 3812 erudiat
1186 3762 1348 3811 fllium
1384 3770 1556 3810 natum
1594 3761 1641 3809 Ι,
1797 3762 1831 3812 6
1869 3777 1900 3812 a
1937 3777 2049 3825 sup.
2087 3765 2174 3815 lin.
2218 3763 2342 3813 add.
2373 3763 2416 3813 S
2554 3759 2640 3828 in]
2683 3763 2749 3812 ad
2783 3762 2836 3810 N
2972 3763 3002 3812 7

416 3850 668 3915 pertineat
704 3863 1036 3913 personarum
1072 3864 1244 3898 earum
1281 3848 1334 3896 N
1505 3847 1540 3897 9
1580 3858 1628 3898 et
1665 3863 1757 3902 om,
1800 3851 1850 3900 N
2021 3849 2342 3911 παρακαλεῖ
2353 3841 2738 3914 -παιδεύσῃ]
2763 3846 2908 3911 «zris,
2954 3851 3004 3899 in

417 3935 511 3984 my.
551 3921 666 3980 ipsa
701 3919 905 3968 Graeca
940 3919 1084 3979 add„
1121 3919 1163 3967 S
1330 3918 1623 3968 navandam
1658 3919 1709 3967 Ν
1879 3910 2184 3982 Πλάτωνα]
2221 3921 2271 3968 rl
2302 3934 2544 3971 mmmm
2582 3920 2633 3968 N
2668 3934 2922 3969 πΔΑτωιιΑ
2957 3919 3005 3968 R

418 4003 674 4039 πΑΛτωκΑ
710 3991 758 4038 l,
893 3977 1293 4053 Ἀριστοτέλης]
1333 3988 1369 4036 ἀ
1403 4003 1719 4039 ricrorssAnc
1753 3991 1804 4038 D
1841 4003 2191 4040 amero-ruane
2227 3987 2338 4039 SLI
2372 4003 2777 4041 ΑΡΙοτοτεΛεκιο
2813 3989 2863 4037 N
2898 4003 3006 4038 Ari-

417 4073 677 4109 crorsano
718 4057 785 4106 M
910 4111 929 4132 ς
956 4054 1056 4106 ἴνα
1095 4051 1197 4106 τὸν
1234 4073 1326 4109 om.
1364 4056 1408 4105 S
1580 4057 1644 4107 10
1678 4074 1775 4108 sav
1807 4058 1850 4107 S
1883 4074 1963 4108 sat
2001 4061 2051 4108 N
2222 4074 2486 4109 namt-:ven
2522 4076 2593 4110 ex
2625 4075 2766 4109 cor-r.
2805 4061 2824 4106 l
2857 4073 3004 4108 mm-

415 4142 583 4178 asvcn
622 4127 669 4174 D
716 4141 952 4177 namrcn
988 4144 1019 4177 r·
1061 4143 1291 4178 rtur-,ven
1325 4126 1373 4176 R
1407 4143 1671 4178 namurci:
1709 4127 1752 4177 S
1798 4143 2082 4179 umasrcm
2118 4128 2185 4177 M
2223 4144 2504 4178 umasvcm
2544 4131 2595 4178 N
2763 4135 3005 4177 arestote-

415 4197 479 4246 iis
519 4200 567 4246 D
748 4196 811 4245 12
858 4213 988 4255 Qvon
1036 4212 1181 4248 mcx-rr
1232 4212 1499 4248 osum-ivis
1545 4214 1595 4248 m
1646 4214 2022 4249 rummvonvm
2061 4212 2187 4248 Loco
2220 4214 2423 4249 οιωινιι
2463 4213 2864 4250 possssswonvu
2901 4213 3004 4246 ran

418 4281 657 4315 uomuvu
696 4281 1031 4318 raouomuvu
1075 4283 1136 4317 ετ
1173 4282 1515 4326 omncs-nove
1561 4282 1756 4317 casvvu
1803 4282 2133 4318 raom-roam
2171 4270 2326 4320 inser.
2359 4270 2410 4318 N
2581 4282 2916 4330 quencuuque
2958 4267 3005 4315 L

559 4367 621 4419 13
658 4384 863 4420 casuam
884 4370 966 4433 (u)
988 4371 1033 4420 R
1177 4369 1327 4436 licet]
1359 4386 1449 4421 om.
1479 4371 1521 4420 S
1555 4372 1711 4434 liquet
1743 4341 1784 4374 ει
1816 4373 1864 4421 L
2011 4372 2073 4421 14
2111 4380 2159 4419 et
2183 4386 2273 4422 om.
2295 4373 2348 4421 N
2486 4368 2758 4435 Euandrii]
2782 4386 2812 4418 r
2838 4369 3004 4418 Euan·

415 4439 557 4488 driae
593 4439 641 4488 R
777 4440 872 4491 filii
912 4440 1125 4490 euandri
1164 4441 1276 4496 (om.
1319 4440 1392 4504 et)
1430 4444 1480 4490 N
1625 4441 1685 4490 15
1722 4440 1826 4490 filio
1864 4441 2076 4491 euandri
2111 4440 2232 4506 (om.
2264 4440 2341 4503 et)
2379 4443 2431 4491 N
2569 4439 2634 4490 16
2671 4437 2947 4503 Euandrie]
2975 4455 3006 4487 r

414 4508 689 4558 euandriae
728 4508 773 4557 R
917 4517 965 4558 et
1001 4525 1095 4562 om.
1128 4510 1181 4559 N
1317 4511 1382 4559 ab
1418 4526 1511 4563 om.
1552 4507 1643 4559 Sl,
1783 4511 1848 4559 ab
1879 4526 1971 4563 om.
2013 4510 2104 4560 OL
2249 4510 2307 4560 17
2349 4509 2638 4575 singulares
2674 4524 2746 4558 ex
2775 4508 3004 4572 singula-

416 4580 483 4627 ris
518 4594 657 4628 corr.
696 4566 781 4626 Β*
892 4580 952 4630 18
988 4580 1305 4643 prominibus
1343 4582 1391 4630 D
1545 4579 1610 4629 19
1647 4594 1985 4643 quencunque
2017 4581 2065 4629 L
2221 4581 2292 4631 20
2329 4580 2501 4629 laboro
2536 4579 2587 4627 N
2726 4576 2940 4642 honora]
2974 4594 3005 4626 r

414 4647 608 4697 honara
643 4647 687 4697 R
722 4647 916 4697 honoro
958 4649 1011 4697 N
1149 4649 1354 4700 Catonis
1384 4649 1495 4715 tuo]
1526 4666 1558 4698 r
1594 4648 1716 4698 Cato
1748 4665 1849 4700 sex
1880 4651 1995 4709 fere
2025 4650 2101 4699 lie.
2132 4650 2232 4702 lac.
2273 4652 2366 4700 rel.
2409 4648 2453 4698 R
2597 4647 2662 4697 21
2701 4647 3002 4697 commilito-

414 4716 553 4780 num]
595 4717 632 4765 d
666 4718 1048 4767 conmilitnnum
1089 4719 1137 4769 R
1173 4719 1561 4770 commilitonem
1604 4722 1682 4769 Dr
1834 4719 1902 4770 23
1943 4719 2232 4768 Terremius
2268 4719 2429 4769 MDL
2587 4718 2705 4767 Ter.
2742 4715 2911 4769 Andr.
2955 4718 3002 4765 V

414 4788 465 4844 2,
502 4790 534 4837 2
572 4784 726 4850 (Ter.
768 4787 936 4838 Bemb.
973 4788 1023 4839 Ιι.
1056 4791 1092 4837 l.
1125 4789 1387 4854 evanidus)
1561 4790 1628 4839 25
1681 4787 1888 4854 studio]
1940 4787 2197 4852 praesidio
2244 4788 2363 4837 libri
2418 4789 2533 4838 Ter.
2583 4802 2690 4835 eum
2732 4786 2860 4836 Bas.

415 4863 566 4918 atque
602 4871 712 4919 sup.
752 4858 838 4908 lin.
875 4858 1000 4909 add.
1038 4873 1069 4904 r
1226 4861 1408 4923 ospitis
1446 4861 1494 4910 L
1656 4857 1725 4909 28
1754 4866 1881 4922 post
1919 4857 2175 4908 Ciceronis
2210 4873 2336 4907 suus
2373 4858 2509 4907 tilius
2544 4872 2655 4922 sqq.
2695 4881 2759 4891 —
2797 4854 2999 4904 Cicero·

415 4939 530 4973 nem
567 4940 692 4975 suus
728 4925 864 4976 filius
899 4942 990 4976 om.
1027 4925 1070 4975 S
