3576 5595
526 437 949 497 thTtTtho
997 438 1094 498 DE
1141 437 1432 497 NoMtNE
1481 437 1580 497 ΕΤ
1618 436 2064 497 PRONOMlNE
2113 437 2212 497 ΕΤ
2258 438 2529 499 VERBO.
2574 450 2798 505 25—35
2886 441 3011 503 449

514 564 555 603 1».
582 552 690 592 ¹303.
721 554 746 592 9
776 553 819 593 Ρ.
2594 567 2635 607 ρ.
2656 557 2748 596 469.
2779 556 2828 596 το
2848 557 2902 597 κ.

585 622 660 682 Εῑ
709 626 855 684 baec
908 625 1139 702 quidem
1199 623 1527 703 compendii
1576 643 1751 683 causa
1803 623 1873 682 ad
1930 623 2323 685 instituendos
2370 644 2586 705 pueros
2644 628 2897 687 sufficiat
2945 628 3005 688 in

412 725 709 802 praesenti
754 725 987 786 dixisse.
1056 726 1545 805 perspicaciorem
1595 717 1791 784 au'tem
1838 725 2174 802 regularum
2218 727 2502 787 rationem
2551 733 2666 786 tam
2715 729 3006 806 paenulti-

413 843 640 885 marum
688 845 858 904 quam
918 827 1248 887 ultimarum
1302 827 1685 904 syllabarum,
1733 845 1883 903 quae
1932 825 2003 886 ad
2058 829 2315 888 omnium
2365 830 2659 907 pertinent
2702 829 3003 889 nominum

412 925 888 1002 declinationem,
954 929 1013 988 in
1075 936 1300 1007 septem
1358 927 1551 1000 tibris,
1612 947 1762 1004 quos
1819 929 1891 989 de
1950 923 2186 989 nomine
2246 930 2590 1008 scripsimus
2647 929 3003 1007 diligentiuS,

360 1046 382 1083 5
413 1025 669 1088 invenire
715 1029 883 1102 licet,
946 1038 1003 1089 et
1046 1030 1295 1088 maxime
1341 1029 1399 1089 in
1447 1036 1610 1088 sexto
1657 1037 1716 1088 et
1759 1029 2044 1108 septimo,
2090 1031 2186 1107 qui
2237 1031 2309 1091 de
2353 1031 2706 1091 nominativo
2756 1039 2813 1090 et
2857 1032 3005 1093 obli·

412 1129 542 1206 quis
584 1129 818 1191 casibus
864 1125 1172 1210 coinpositi
1212 1130 1528 1191 multorum
1574 1130 1921 1221 testimoniis
1967 1130 2233 1191 nituntur
2269 1141 2593 1193 anctorum.

581 1230 966 1304 Pronomina,
1012 1232 1084 1291 de
1129 1230 1341 1309 quibus
1397 1231 1553 1292 nulla
1602 1231 1888 1292 dubitatio
1933 1240 2053 1305 est,
2099 1242 2237 1293 sunt
2275 1233 2429 1314 apud
2470 1234 2709 1294 Latinos
2755 1235 3002 1313 quinde-
3026 1232 3079 1282 Π
3106 1233 3165 1286 31

411 1331 545 1391 cim.
604 1333 890 1411 primitiva
931 1333 1165 1412 quidem
1217 1342 1350 1394 octo
1394 1335 1540 1394 haec
1578 1341 1747 1405 sunt,
1786 1334 2009 1412 primae
2055 1353 2343 1413 personae
2389 1354 2604 1406 unum,
2650 1345 2713 1395 ut
2755 1356 2896 1414 ego,
2945 1347 2999 1398 et

409 1433 704 1493 secundae
749 1454 963 1510 unum,
1020 1445 1085 1494 ut
1128 1443 1221 1508 tu,
1279 1421 1485 1496 tertiae
1539 1454 1676 1494 vero
1725 1454 1856 1508 sex,
1907 1434 1996 1495 sui
2045 1434 2141 1495 ille
2184 1436 2312 1515 ipse
2357 1436 2451 1497 hie
2494 1437 2605 1496 iste
2649 1439 2730 1514 is;
2779 1440 3002 1499 deriva-

345 1549 388 1589 ιο
412 1535 519 1594 tiva
561 1544 819 1614 septem,
864 1556 1034 1596 meus
1075 1545 1209 1596 tuus
1265 1555 1409 1598 suus
1453 1545 1656 1596 noster
1709 1544 1905 1597 vester
1959 1547 2193 1597 nostras
2238 1546 2479 1597 vestras·
2562 1539 2782 1600 babent
2825 1541 3002 1618 igitur

406 1637 692 1715 primitiva
740 1639 887 1699 duas
935 1637 1373 1713 declinationeS,
1406 1639 1715 1700 derivativa
1767 1657 1902 1697 vero
1949 1645 2086 1698 tres.
2128 1646 2212 1698 ,et
2259 1657 2369 1698 una
2404 1638 2637 1716 quidem
2683 1641 3002 1720 primitivo-

406 1757 534 1798 rum
581 1749 667 1799 est
713 1739 1059 1813 declinatio,
1106 1759 1255 1818 quae
1290 1748 1404 1800 tam
1451 1742 1779 1816 genetivum
1822 1757 1994 1816 qnam
2031 1739 2285 1799 dativum
2325 1741 2382 1799 in
2421 1740 2437 1799 i
2480 1742 2781 1815 terminat,
2827 1762 3001 1803 accu-

406 1842 653 1901 sativum
713 1850 769 1902 et
816 1841 1127 1901 ablativum
1187 1842 1246 1902 in
1306 1861 1337 1900 e
1394 1841 1773 1921 productam,
1834 1851 1897 1901 ut
1939 1860 2047 1919 ego
2094 1848 2184 1912 tu,
2240 1842 2354 1901 mei
2411 1842 2492 1902 tui
2548 1842 2854 1921 suh-mibi
2897 1845 2998 1904 tibi

405 1942 551 2014 sibi,
601 1962 693 2003 me
740 1951 796 2003 te
843 1963 942 2014 se,
993 1963 1024 2003 a
1068 1963 1161 2003 me
1207 1962 1238 2002 a
1286 1951 1341 2002 te
1386 1962 1416 2002 a
1465 1961 1546 2002 se.
1638 1940 1962 2002 vocativum
2020 1940 2173 2001 enim
2231 1943 2489 2002 secunda
2552 1953 2774 2004 tanturn
2822 1945 2997 2005 babet
3030 1953 3099 2005 32

340 2064 384 2103 15
408 2062 691 2123 persona,
735 2045 831 2121 qui
868 2044 1075 2105 similis
1116 2055 1206 2106 est
1252 2044 1636 2114 nominativo,
1683 2053 1746 2103 ut
1782 2051 1922 2104 otu.
1977 2042 2217 2123 pluralia
2256 2063 2387 2105 vero
2424 2044 2647 2123 primae
2693 2054 2750 2106 et
2790 2066 3002 2107 secun-

402 2145 510 2205 dae
568 2165 856 2224 personae
913 2146 1179 2206 similiter
1233 2146 1602 2207 declinantur
1644 2149 1804 2220 (nam
1856 2145 2062 2205 tertiae
2120 2163 2409 2223 personae
2452 2166 2775 2225 pronomen
2821 2168 2996 2228 supra

403 2247 696 2326 positum,
743 2249 799 2308 id
843 2256 933 2307 est
972 2249 1093 2321 sui,
1142 2248 1295 2326 quod
1341 2248 1759 2308 nominativum
1802 2265 1918 2306 non
1965 2246 2172 2319 babet,
2221 2266 2541 2309 commune.
2570 2257 2660 2309 est
2695 2249 2998 2328 utriusque

402 2349 692 2425 numeri),
742 2370 850 2411 nos
897 2370 1049 2422 vos,.
1078 2358 1343 2410 nostrum
1390 2348 1477 2408 vel
1519 2348 1737 2420 nostri,
1783 2355 2040 2408 vestrum
2082 2347 2168 2408 vel
2213 2351 2420 2424 vestri,
2468 2350 2638 2411 nobis
2681 2351 2863 2411 vobis·
2940 2351 2997 2411 in

400 2451 608 2530 plurali
656 2461 849 2513 autem
890 2471 1134 2512 numero
1167 2451 1425 2512 secunda
1467 2459 1693 2511 tantum
1740 2469 1988 2529 persona
2037 2449 2213 2510 habet
2254 2451 2609 2526 vocativum,
2655 2453 2754 2529 qui
2793 2453 2999 2514 similis

331 2569 383 2607 20
403 2561 494 2613 est
539 2555 895 2615 nominativo
942 2562 1000 2615 et
1043 2554 1406 2626 accusativo,
1456 2561 1520 2613 ut
1561 2574 1595 2613 o
1645 2572 1763 2612 vos.
1856 2551 1985 2611 ideo
2033 2559 2226 2611 autem
2272 2553 2364 2613 sui
2411 2554 2828 2615 nominativum
2877 2575 2994 2616 non

399 2655 607 2727 babet,
668 2657 803 2734 quia
858 2676 967 2717 nec
1021 2657 1173 2737 apud
1234 2658 1489 2716 Graecos
1544 2644 1731 2712 αὑτοῦ
1785 2654 1872 2712 vel
1921 2650 2164 2725 ἑαυτοῦ,
2226 2653 2399 2714 liuius
2446 2655 2555 2714 sui.
2647 2657 2761 2717 hoc
2804 2667 2995 2718 antem

397 2757 456 2816 in
502 2756 649 2817 libro
693 2759 790 2836 qni
838 2767 928 2818 est
971 2755 996 2841 ΙΙ
1041 2759 1337 2819 secundus
1394 2757 1467 2816 de
1520 2755 1870 2836 pronomine
1928 2755 2101 2839 latius
2150 2755 2539 2816 tractavimus.
2631 2756 2808 2818 altera
2858 2778 2992 2819 vero
3028 2766 3095 2819 33

397 2857 708 2919 declinatio
757 2860 815 2919 in
873 2860 1113 2938 reliquis
1161 2860 1419 2937 quinque
1465 2857 1803 2937 primitivis,
1864 2873 2112 2933 quorum
2159 2859 2463 2933 genetivus
2508 2858 2567 2918 in
2613 2858 2705 2919 ius
2745 2861 2752 2935 Ι
2795 2867 2851 2919 et
2895 2861 2997 2920 da-

399 2958 547 3017 tivus
588 2960 644 3017 in
684 2959 701 3018 i
749 2960 962 3020 desinit
1010 2980 1116 3040 per
1158 2962 1263 3020 tria
1312 2978 1561 3036 genera3
1607 2958 1976 3018 accusativus
2021 2965 2214 3016 autem
2263 2968 2319 3017 et
2358 2957 2642 3018 ablativus
2679 2959 2994 3036 singularis

231 3119 242 3130 ⁰
328 3075 378 3112 25
400 3066 456 3117 et
503 3077 710 3118 omnes
757 3079 932 3121 casus
978 3061 1235 3140 plurales
1279 3061 1336 3119 in
1390 3060 1714 3119 masculino
1761 3058 1997 3136 quidem
2049 3067 2107 3117 et
2152 3068 2362 3119 neutro
2402 3059 2695 3120 secundae
2740 3060 2994 3121 declina-

396 3158 570 3218 tiouis
635 3161 936 3221 nominum
999 3162 1439 3221 terminationes
1500 3152 1764 3233 servans,
1824 3160 1881 3219 in
1941 3160 2224 3219 feminino
2279 3161 2728 3239 vero-primae,
2791 3170 2854 3220 ut
2897 3163 2994 3223 ille

393 3259 548 3320 illius
604 3260 715 3332 illi,
778 3261 870 3321 illa
929 3262 1082 3322 illius
1139 3262 1253 3335 illi,
1324 3261 1465 3322 illud
1534 3261 1687 3321 illius
1761 3261 1871 3332 illi,
1931 3260 2094 3321 illum
2155 3260 2313 3320 illam
2376 3260 2518 3321 illud
2574 3264 2846 3338 (necesse
2903 3273 2995 3324 est

393 3361 547 3421 enim
602 3370 806 3422 neutra
866 3364 1283 3423 nominativum
1333 3372 1390 3423 et
1427 3354 1833 3424 accusativum
1893 3361 2141 3423 similem
2203 3362 2473 3437 habere),
2519 3362 2592 3423 ab
2635 3363 2736 3422 illo
2779 3363 2852 3423 ab
2896 3364 2992 3425 illa

393 3463 464 3523 ab
511 3463 628 3524 illo.
698 3467 1017 3525 notandum
1059 3472 1145 3524 est
1180 3473 1410 3536 tamen,
1456 3465 1608 3543 quod
1657 3465 1752 3524 bic
1798 3472 1854 3525 et
1892 3465 2035 3524 baec
2080 3471 2138 3523 et
2176 3463 2289 3523 ltoc
2335 3464 2509 3524 buius
2554 3464 2690 3524 huic
2736 3464 2989 3527 dativum

324 3581 375 3623 :to
395 3585 630 3645 semper
670 3566 727 3626 in
780 3585 812 3626 c
870 3565 1185 3626 terminant
1238 3566 1601 3626 differentiae
1648 3586 1822 3626 causa
1893 3574 2135 3645 propter
2189 3564 2288 3625 bui
2344 3566 2826 3626 interiectionem.
2917 3585 2986 3627 ex
3022 3582 3091 3634 34

393 3640 618 3748 septem
667 3678 859 3729 autem
897 3667 1230 3728 derivativis
1275 3667 1533 3745 quinque
1579 3667 1813 3744 quidem
1854 3666 2181 3727 secundum
2232 3664 2529 3727 mobilium
2576 3667 2835 3745 regulam
2881 3687 2989 3728 no-

391 3770 611 3831 minum
670 3770 1066 3842 declinantur,
1113 3769 1168 3828 id
1216 3777 1306 3830 est
1350 3768 1736 3829 masculinum
1784 3776 1843 3827 et
1903 3762 2176 3827 nentrum
2226 3768 2519 3828 secundae
2577 3769 2985 3830 declinationis

391 3880 557 3939 sunt,
606 3872 946 3933 femininum
981 3890 1117 3931 vero
1151 3872 1401 3950 primae,
1448 3880 1514 3933 ut
1548 3878 1686 3931 sunt
1728 3870 1905 3940 baec,
1946 3887 2110 3928 meus
2155 3875 2292 3928 tuus
2328 3889 2473 3930 suus
2519 3879 2721 3930 noster
2767 3879 2980 3931 vester.

390 3973 610 4051 reliqua
666 3994 802 4035 vero
863 3974 979 4034 duo
1037 3973 1369 4034 communia
1428 3982 1562 4033 sunt
1629 3979 1686 4031 et
1743 3971 1947 4031 tertiae
1993 3980 2131 4031 sunt
2187 3970 2627 4044 declinationis,
2680 3981 2743 4031 ut
2786 3973 2882 4033 bic
2927 3982 2987 4034 et

319 4088 370 4128 3⁵
391 4077 536 4137 baec
583 4085 817 4138 nostras
865 4060 1115 4149 vestras,
1177 4076 1348 4136 buius
1399 4074 1679 4135 nostratis
1725 4073 2014 4134 vestratis,
2106 4070 2481 4130 inveniuntur
2523 4080 2719 4134 tamen
2768 4092 2973 4135 novem
3012 4083 3081 4133 35

389 4178 622 4239 nomina
678 4177 944 4250 mobilia,
1005 4196 1152 4255 quae
1197 4178 1329 4255 qnia
1380 4174 1829 4236 declinationem
1887 4170 2302 4253 pronominum
2348 4170 2597 4245 babent,
2651 4174 2806 4235 inter
2846 4195 2983 4254 pro·

388 4281 622 4341 nomina
668 4281 901 4359 quidam
946 4286 1300 4361 posuerunt,
1355 4286 1418 4338 ut
1467 4277 1596 4355 quis
1643 4295 1792 4354 quae
1838 4273 1992 4353 quod
2041 4273 2208 4333 cuins
2258 4272 2390 4343 cui,
2448 4292 2599 4333 unus
2645 4293 2756 4335 una
2802 4294 2979 4336 unum

384 4380 563 4441 unius
606 4381 742 4454 nni,
797 4380 949 4441 ullus
1015 4380 1130 4441 nlla
1189 4379 1367 4440 ullum
1414 4379 1587 4439 ullius
1635 4377 1767 4449 ulli,
1817 4375 2012 4437 nullus
2071 4373 2225 4435 nulla
2275 4373 2505 4434 nullum
2552 4374 2769 4435 nullius
2816 4375 2979 4447 nulli,

387 4481 551 4542 solus
605 4484 728 4544 sola
791 4482 979 4542 solum
1039 4483 1224 4544 solius
1276 4481 1413 4553 soli,
1460 4489 1617 4541 totus
1664 4487 1782 4538 tota
1828 4485 2012 4537 totum
2060 4475 2239 4537 totius
2286 4476 2423 4548 toti,
2470 4475 2620 4536 alius
2669 4475 2777 4535 alia
2825 4477 2981 4536 aliud

529 4634 550 4683 l
593 4635 851 4689 sufficiant
883 4636 924 4684 C
1029 4634 1083 4683 ll
1128 4635 1410 4684 deriuatiua
1449 4634 1579 4682 duas
1616 4638 1799 4689 §.tres
1832 4635 2033 4692 positae
2059 4644 2171 4677 ease
2206 4624 2437 4676 vicle'ntw·
2465 4628 2824 4679 declitmtiones
2856 4643 2977 4688 pro-

380 4710 496 4761 pter
529 4704 643 4766 quis
677 4707 755 4753 vel
783 4705 868 4768 qni
892 4718 1182 4765 pronomen,
1223 4708 1443 4767 quamvis
1479 4712 1715 4768 quattuor
1751 4706 1941 4750 omnino
1978 4701 2026 4749 in
2061 4697 2434 4760 pronominibus
2472 4712 2585 4747 esce
2621 4698 2791 4747 nendos
2826 4698 2980 4745 decli-

382 4775 628 4822 nationum
664 4776 859 4823 de'aeerft
895 4774 1195 4823 Priscianus
1226 4789 1279 4836 p.
1320 4775 1438 4823 955.
1488 4774 1671 4824 1259oe
1714 4771 1784 4832 ef.
1828 4786 1881 4831 p.
1930 4768 2058 4820 1208
2200 4768 2267 4815 22
2307 4767 2356 4814 in
2394 4767 2522 4815 libro
2560 4770 2645 4830 qui
2683 4776 2760 4816 est
2797 4780 2979 4814 secun-

381 4839 499 4905 dus]
537 4857 591 4902 p.
620 4841 723 4891 056
750 4857 825 4905 sq.
969 4842 1037 4892 30
1075 4858 1139 4890 ex
1171 4851 1366 4908 septem
1406 4857 1440 4898 ς
1491 4847 1525 4890 Α
1572 4854 1766 4909 septem
1803 4841 1843 4889 C
1980 4838 2048 4891 33
2078 4848 2128 4887 et
2159 4845 2277 4885 sunt
2314 4834 2441 4884 haec
2477 4849 2511 4890 ς
2651 4836 2716 4886 37
2744 4836 2857 4896 quis
2896 4835 2978 4883 uel

380 4910 464 4972 qui
494 4924 623 4974 qnae
662 4909 795 4973 quod
835 4910 915 4957 uel
956 4910 1079 4974 quid
1115 4924 1148 4965 ς

486 5011 898 5056 unanimi-rtet
943 5013 1165 5053 mium
1211 5012 1307 5054 111.
1773 5052 1780 5059 ,
2494 4987 2571 5052 29
2698 5039 2723 5053 ,
