3576 5595
1120 404 1215 463 DE
1264 405 1731 467 ACCENTIBVS
1780 407 2026 467 LlBEli.
2070 417 2266 470 5—14
2876 408 2990 468 521

512 533 555 570 μ.
592 520 704 558 ιιεκ.
738 522 788 557 so
811 520 855 558 r.
2572 525 2811 574 pasci-oo
2841 524 2895 563 Κ.

408 590 594 669 prima
641 599 944 651 accentum
1001 590 1230 670 babere·
1271 590 1489 650 debuit.
1581 601 1718 652 sunt
1761 593 1998 669 quidem
2042 592 2294 670 syllabae
2339 602 2487 666 tres,
2540 595 2598 654 in
2645 593 2855 673 quibus
2901 613 2998 653 ac·
3039 603 3103 654 10

409 700 616 752 centus
666 692 1038 771 producitur,
1096 710 1210 769 que
1254 711 1327 752 ne
1380 712 1482 765 ve,
1545 701 1610 752 ut
1655 693 1878 770 itaque,
1926 695 2160 771 quando
2206 695 2542 755 adverbium
2593 704 2715 770 est;
2762 695 2997 773 quando
3076 770 3078 773 y

410 812 545 852 vero
590 793 953 866 coniuncti0‚
1000 799 1195 870 itaque
1235 793 1511 853 dicimus:
1563 797 1962 855 ‘veneruntne
2003 792 2011 878 Ι
2053 795 2153 856 viri
2196 796 2264 855 ad
2313 795 2502 857 nos'?
2547 795 2998 857 ‘carbonibusve

410 894 639 954 lumbos
684 903 1010 954 assarunt’.

363 1014 387 1050 5
557 995 840 1072 «Syllaba,
887 1013 1036 1073 quae
1085 1005 1410 1075 correptam
1464 996 1720 1056 vocalem
1777 997 1986 1069 habet,
2044 1008 2218 1058 acuto
2274 1007 2521 1059 accentu
2567 998 2996 1077 pronuntiatur,

411 1104 473 1156 ut
522 1102 628 1175 pax
686 1098 775 1156 sax
834 1098 927 1175 pix
980 1098 1078 1156 nix
1131 1097 1247 1155 (lux
1307 1098 1452 1172 nt'1x3
1517 1116 1663 1174 quae
1724 1098 1898 1157 etiam
1967 1098 2064 1158 tali
2121 1110 2365 1160 accentu
2415 1100 2845 1179 pronuntianda
2888 1109 2996 1173 est,

413 1198 673 1274 quamvis
708 1198 783 1256 sit
819 1198 989 1274 longa
1026 1199 1342 1276 positione,
1389 1200 1519 1275 quia
1567 1198 1909 1259 naturaliter
1951 1200 2142 1260 brevis
2189 1210 2295 1260 est.
2388 1220 2536 1279 quae
2585 1220 2717 1261 vero
2765 1210 2998 1262 natura·
3040 1205 3096 1256 ll

411 1298 545 1358 liter
600 1299 885 1377 producta
940 1308 1060 1373 est,
1121 1300 1492 1359 circumflexo
1539 1309 1784 1360 accentu
1832 1301 2205 1379 exprimenda
2252 1310 2372 1374 est,
2441 1312 2503 1362 ut
2549 1308 2643 1362 res
2689 1303 2797 1362 dos
2842 1308 3001 1382 spes,

414 1399 729 1477 disyllabae
771 1420 939 1473 vero,
988 1420 1137 1478 quae
1181 1402 1433 1479 priorem
1470 1401 1809 1480 productam
1848 1401 2066 1461 babent
2115 1412 2171 1462 et
2218 1404 2603 1481 posteriorem
2652 1414 2999 1484 correptam,
3046 1416 3055 1425 ·

350 1520 399 1559 ιο
418 1502 669 1580 priorem
712 1501 988 1579 syllabam
1031 1503 1520 1575 circumflectunt,
1562 1512 1624 1562 ut
1668 1508 1816 1562 meta
1867 1505 2070 1578 Creta3
2115 1504 2245 1564 illae
2290 1524 2456 1577 vero,
2504 1525 2654 1583 quae
2700 1516 2836 1566 sunt
2880 1525 3003 1565 am-

418 1602 525 1661 bae
570 1603 777 1679 longae
825 1603 906 1662 vel
946 1604 1105 1681 prior
1147 1604 1339 1662 brevis
1383 1613 1440 1663 et
1476 1603 1717 1663 ulterior
1752 1604 1955 1681 longa,
2001 1614 2171 1665 acuto
2210 1614 2453 1665 accentu
2501 1605 3002 1687 pronunJItiandae

418 1710 590 1774 sunt,
638 1713 697 1763 ut
744 1708 927 1782 nepos
974 1703 1133 1781 leges
1174 1708 1363 1780 reges.
1454 1704 1563 1763 hae
1608 1724 1778 1778 vero,
1827 1724 1975 1782 quae
2016 1714 2154 1766 sunt
2198 1707 2404 1766 ambae
2449 1707 2690 1781 breveS‚
2737 1707 3004 1768 similiter

416 1814 587 1866 acuto
621 1814 862 1864 accentu
907 1808 1309 1883 proferuntur,
1356 1817 1418 1865 ut
1458 1806 1648 1866 bonus
1683 1806 1890 1867 malus.
1965 1807 2067 1866 sed
2114 1808 2466 1896 notandum,
2513 1809 2704 1886 quod,
2753 1809 2799 1869 si
2842 1809 3005 1887 prior
3044 1816 3104 1864 12

418 1907 493 1966 sit
537 1906 709 1982 longa
761 1908 1079 1985 positione,
1145 1926 1261 1966 non
1305 1908 1674 1967 circumflexo
1719 1909 1821 1968 sed
1871 1919 2042 1970 acuto
2088 1917 2332 1970 accentu
2397 1909 2828 1987 pronuntianda
2892 1916 3002 1982 est,

354 2020 401 2058 ¹⁵
422 2016 484 2067 ut
539 2012 695 2067 arma
754 2013 956 2080 arcus,
1007 2027 1185 2086 quae,
1244 2010 1503 2085 quamvis
1549 2009 1618 2068 sit
1667 2010 1838 2088 longa
1890 2011 2202 2090 positione,
2248 2018 2442 2070 tamen
2489 2011 2863 2089 exprimenda
2914 2019 3006 2070 est

349 2105 354 2109 ⁴
420 2109 515 2169 tali
569 2118 846 2181 accentu,
908 2110 1041 2185 quia
1098 2130 1210 2169 non
1268 2120 1355 2170 est
1412 2111 1709 2170 naturalis,
1802 2112 2129 2190 trisyllabae
2188 2108 2438 2190 namque
2496 2122 2551 2171 et
2597 2112 3003 2190 tetrasyllabae

420 2211 540 2270 sive
581 2211 887 2289 ‹leincep5‚
936 2211 981 2270 si
1029 2212 1442 2290 paenultimam
1488 2222 1820 2291 correptam
1856 2214 2195 2287 habuerint,
2241 2213 2791 2293 antepaenultimam
2829 2221 3001 2273 acuto

420 2323 662 2372 accentu
699 2314 1040 2391 proferunt,
1084 2322 1146 2373 ut
1184 2313 1407 2372 Tullius
1454 2312 1755 2374 Hostilius,
1800 2311 1808 2397 Ι
1850 2335 1981 2377 nam
2020 2316 2371 2395 paenultima
2412 2316 2459 2374 si
2502 2315 2789 2394 positione
2831 2314 3003 2392 longa

421 2414 623 2485 suerit,
671 2422 941 2484 acuetur,
990 2415 1481 2493 antepaenultima
1553 2435 1688 2476 vero
1737 2417 2096 2494 gravabitur,
2147 2426 2208 2477 ut
2258 2417 2519 2477 Catullus
2576 2415 2862 2476 Metellus·
2956 2416 3005 2476 si

353 2531 405 2568 2⁰
425 2535 559 2575 vero
616 2535 684 2574 ex
732 2524 888 2575 muta
948 2526 1006 2573 et
1049 2515 1265 2592 liquida
1313 2517 1483 2592 longa
1546 2517 1603 2576 in
1652 2537 1822 2577 versu
1874 2538 2004 2578 esse
2051 2514 2314 2591 constat,
2363 2516 2417 2577 in
2467 2519 2730 2580 oratione
2776 2535 3006 2594 quoque

421 2593 727 2676 accentum
775 2624 987 2689 mutat,
1043 2626 1118 2676 ut.
1154 2617 1408 2679 latebrae
1463 2619 1755 2679 tenebrae.
1828 2620 2043 2698 syllaba
2089 2640 2224 2680 vero
2271 2619 2470 2680 ultima
2509 2620 2558 2680 si
2598 2619 2789 2679 brevis
2834 2618 2911 2678 sit
2949 2626 3006 2677 et
3046 2622 3108 2677 13

426 2718 840 2797 paenultimam
886 2718 1227 2779 naturaliter
1272 2720 1502 2797 longam
1547 2721 1838 2793 habuerit,
1886 2722 2072 2802 ipsam
2110 2722 2526 2802 paenultimam
2570 2721 3004 2790 circumflectet,

424 2827 486 2880 ut
526 2820 819 2896 Cethegus
876 2830 1144 2900 perosus,
1236 2822 1431 2882 ultima
1492 2842 1722 2901 quoque
1778 2825 1824 2884 si
1875 2821 2214 2884 naturaliter
2258 2824 2425 2902 longa
2472 2824 2672 2894 fuerit,
2719 2820 3007 2900 paenulti-

424 2941 576 2981 mam
623 2931 821 2995 aeuet,
869 2933 927 2982 ut
961 2923 1217 2983 Athenae
1272 2924 1561 3001 Mycenae.
1634 2925 1704 2984 ad
1755 2925 1906 2984 lianc
1961 2934 2154 2984 autem
2194 2944 2315 2985 rem
2351 2925 2500 2985 arsis
2545 2931 2604 2983 et
2646 2923 2828 2983 thesis
2870 2928 3008 2982 sunt

356 3043 406 3080 25
429 3023 811 3083 necessariae.
904 3043 1035 3083 nam
1095 3026 1153 3084 in
1212 3044 1556 3103 unaquaque
1618 3034 1778 3104 parte
1836 3026 2116 3087 orationis
2160 3027 2308 3086 arsis
2354 3034 2409 3084 et
2456 3025 2639 3085 thesis
2680 3033 2842 3091 sunt,
2890 3043 3005 3084 non

425 3126 482 3185 in
542 3125 746 3185 ordine
804 3126 1151 3205 syllabarum
1221 3126 1322 3185 sed
1374 3126 1432 3186 in
1483 3128 1991 3206 pronuntiatione:
2051 3127 2207 3189 velut
2251 3128 2309 3187 in
2366 3128 2474 3187 hac
2532 3135 2726 3206 parte,
2778 3133 3006 3198 natura,

427 3226 547 3306 [ut]
598 3227 831 3304 quando
875 3229 1006 3287 dico
1059 3237 1233 3300 natu,
1297 3228 1551 3289 elevatur
1594 3248 1729 3301 vox,
1787 3237 1845 3288 et
1887 3236 1977 3287 est
2026 3230 2176 3289 arsis
2224 3230 2412 3303 intus;
2461 3228 2692 3306 quando
2739 3246 2872 3286 vero
2917 3246 3011 3286 se·—

426 3329 623 3405 ‹piitur
668 3348 763 3402 ra,
826 3349 928 3389 vox
983 3331 1322 3409 ‹lt-ponitur,
1382 3338 1440 3398 et
1486 3338 1574 3391 est
1631 3331 1815 3391 thesis
1874 3332 2109 3391 del'oriS.
2196 3340 2474 3408 quantum
2520 3340 2713 3390 autem
2760 3348 3011 3407 suspen-

427 3430 583 3490 ditur
638 3450 742 3490 vox
804 3450 911 3510 per
966 3433 1155 3505 arsin,
1220 3441 1442 3493 tantum
1500 3432 1843 3513 deprimitur
1890 3453 1992 3513 per
2039 3432 2249 3493 thesin.
2341 3432 2443 3492 sed
2494 3432 2619 3511 ipsa
2680 3451 2815 3503 vox,
2861 3449 3011 3508 quae

360 3551 537 3609 svper
586 3532 873 3592 dictiones
943 3534 1253 3606 formatur,
1313 3536 1501 3594 donec
1560 3545 1837 3595 accentus
1896 3535 2257 3615 perficiatur,
2316 3535 2374 3594 in
2442 3534 2596 3594 arsin
2655 3533 3009 3611 deputatur;

428 3652 574 3711 quae
618 3643 810 3694 autem
850 3643 983 3713 post
1027 3645 1335 3695 accentum
1389 3637 1680 3714 sequitur,
1727 3637 1783 3695 in
1833 3636 2043 3697 thesin.
2134 3636 2225 3696 his
2274 3656 2525 3714 namque
2565 3633 2897 3714 praelibatis
2937 3634 3010 3693 de

429 3736 848 3815 consequentia
895 3737 1069 3797 buius
1116 3736 1244 3797 libri
1281 3738 1591 3798 videamus.

603 3839 803 3898 Latina
849 3839 1081 3916 quidem
1130 3839 1362 3918 propria
1405 3839 1636 3899 nomina
1694 3839 2108 3899 nominativum
2157 3838 2511 3916 singularem
2556 3857 2587 3898 a
2631 3836 3001 3896 terminantia
3019 3840 3182 3891 11114

430 3937 486 3997 iu
526 3939 880 4017 paenultima
925 3941 1140 4018 syllaba
1180 3950 1483 4001 accentum
1522 3949 1783 4012 servant,
1830 3958 2178 4018 quamquam
2216 3958 2331 3999 non
2376 3939 2533 3999 nulla
2578 3938 2832 3999 vocalem
2878 3948 3013 3998 ante

363 4058 413 4097 35»
436 4041 692 4100 vocalem
746 4042 959 4102 babere
1016 4042 1344 4121 videantur,
1404 4061 1551 4121 quae
1594 4042 1701 4101 alia
1747 4041 2105 4101 differentiae
2145 4060 2352 4113 causa,
2399 4041 2506 4101 alia
2552 4040 2678 4101 solo
2723 4059 2830 4098 usu
2879 4058 3015 4117 pro-

432 4142 604 4202 ducta
649 4154 815 4216 suut,
864 4154 925 4205 ut
962 4144 1206 4203 Catilina
1254 4144 1495 4204 Verania
1533 4144 1870 4222 Stepliania.
1953 4142 2293 4222 appellativa
2338 4162 2469 4202 vero
2511 4142 2758 4201 eundem
2804 4159 3015 4199 accen·

430 4241 438 4325 Ι
479 4251 600 4305 tum
647 4256 879 4307 servant
924 4266 956 4306 a
1001 4246 1331 4318 terminata,
1381 4255 1440 4305 ut
1488 4249 1655 4325 poeta
1703 4249 1902 4319 regina
1948 4245 2171 4304 habena
2222 4241 2487 4325 sorntnna
2532 4244 2747 4303 harena
2792 4241 3010 4301 carina.

606 4470 634 4516 7
673 4465 861 4532 brevis]
904 4467 1055 4531 longa
1093 4467 1150 4515 H
1190 4467 1433 4532 producta
1473 4466 1516 4515 G
1553 4482 1565 4514 :
1601 4466 1783 4513 breues
1816 4474 1932 4513 sunt
1972 4478 2005 4520 ς
2187 4465 2240 4515 tl
2283 4464 2422 4528 prior
2460 4464 2630 4512 breuis
2668 4477 2701 4519 ς
2752 4464 3009 4528 posterior

434 4537 604 4586 breuis
636 4538 734 4586 Gll
881 4537 941 4587 13
981 4539 1113 4602 prior
1147 4551 1179 4593 3
1216 4538 1376 4601 prima
1408 4536 1469 4586 H
1500 4536 1750 4600 posterior
1787 4537 1830 4584 G
1975 4534 2034 4582 17
2072 4542 2117 4581 ct
2156 4534 2394 4597 deinceps
2430 4548 2462 4588 ς
2609 4533 2672 4581 19
2711 4531 3008 4594 grauabitur

432 4621 465 4662 ς
501 4616 746 4673 gratiatur
784 4608 825 4655 G
863 4617 1102 4671 grauetur
1142 4608 1193 4655 {1
1333 4615 1383 4652 ut
1421 4606 1627 4653 catellus
1670 4604 1770 4653 GH
1929 4601 1997 4652 20
2034 4617 2145 4650 esse
2177 4619 2268 4652 om.
2308 4617 2341 4659 ς
2493 4604 2559 4653 25
2599 4602 2869 4650 necessarii
2914 4600 3015 4649 GH

570 4681 635 4728 27
672 4679 802 4726 arsis
833 4679 879 4725 in
922 4687 971 4725 tu
1011 4690 1043 4732 3
1183 4675 1409 4737 sequitur
1447 4691 1500 4722 ra
1534 4676 1575 4721 G
1606 4689 1719 4722 rara
1748 4673 1810 4723 H
1942 4672 2008 4720 28
2048 4672 2203 4721 thesis
2244 4672 2306 4720 ‹le
2341 4685 2390 4721 ιιι
2435 4686 2468 4727 3
2608 4671 2676 4720 30
2716 4673 2764 4719 iu
2800 4670 2929 4718 arsis
2961 4670 3016 4718 H

433 4746 482 4793 in
527 4746 691 4795 thesin
728 4749 1073 4807 superscripto
1107 4746 1241 4794 arsin
1278 4745 1320 4792 G
1423 4742 1491 4792 33
1531 4742 1706 4792 Latina
1728 4769 1794 4777 —
1816 4743 1934 4800 526,
1975 4741 2034 4790 15
2073 4740 2251 4790 hiemis
2288 4743 2335 4789 in
2368 4746 2474 4804 fine
2506 4741 2624 4791 libri
2654 4749 2773 4804 post
2805 4740 2924 4791 528.
2947 4739 3014 4787 35

431 4830 561 4863 euax
600 4818 860 4864 conlocata
894 4823 1011 4864 sunt
1047 4818 1095 4864 in
1124 4816 1167 4863 G
1301 4813 1369 4861 35
1408 4814 1733 4878 producenda
1762 4822 1881 4860 sunt
1910 4813 1964 4860 ΙΙ
2079 4810 2146 4860 36
2176 4812 2381 4859 uerania
2422 4812 2475 4859 H
2511 4827 2699 4859 nerana
2726 4813 2768 4860 G
2806 4809 3016 4858 uerouia

428 4885 597 4934 coclea:
624 4886 975 4948 (ironinfflmus
1010 4887 1209 4933 Verona
1230 4883 1599 4931 Lindemannus
1624 4898 1652 4930 e
1683 4882 1856 4932 codice
1875 4882 2154 4931 Burmanni
2184 4880 2369 4930 t'rania
2407 4894 2439 4934 3
2545 4872 2611 4931 37
2650 4882 2940 4930 disseruant
2968 4878 3041 4926 H·
