3576 5595
828 425 1323 486 PARTrrtoNES
1373 425 1473 504 xn
1522 424 1732 492 vens.
1779 424 1948 484 AEN.
1990 424 2129 485 vm.
2182 432 2470 488 157—162
2819 422 2944 485 497

483 570 494 581 .
677 568 690 581 .
2555 566 2565 578 .
2639 540 2677 578 ⁵.
2826 567 2839 579 .

348 631 416 671 ex
450 540 674 684 pbdllei?
700 611 855 688 quod
914 611 1131 671 bonum
1190 609 1506 688 significat,
1559 608 1800 669 bellaria
1843 609 2119 670 dicuntur
2159 599 2229 667 τὰ
2271 538 2637 688 τροιγήμιιιεζκῗιξ.ζ
2710 537 2828 669 ³1⁶)ss
2870 608 2943 670 ab

348 733 418 773 eo
465 712 619 790 quod
667 721 759 772 est
815 711 1063 784 bellum,
1122 711 1276 789 quod
1323 728 1575 790 pugnam
1627 710 1952 788 significat,
2000 708 2377 770 derivativum
2421 709 2595 770 aliud.
2687 709 2943 772 Bellicus
2980 716 3079 768 160

345 814 553 875 bellica
599 813 872 874 bellicum
929 822 986 872 et
1042 832 1106 872 ex
1152 813 1266 872 lioc
1314 799 1630 872 bellicosus
1675 810 1958 871 bellicosa
2002 810 2370 872 bellicosum.
2461 810 2757 872 Bellienus
2796 828 2943 888 quo·

346 934 461 994 que
506 915 808 994 proprium
865 933 898 974 a
940 913 1095 973 bello
1149 922 1239 972 est
1284 913 1633 972 derivatum:
1692 910 1847 971 bello
1892 911 2081 972 bellas
2137 912 2410 986 verbum,
2463 931 2531 972 ex
2568 930 2687 989 quo
2733 912 2940 987 bellax,

305 1018 505 1094 squod
558 1027 648 1077 est
707 1016 880 1076 trium
935 1031 1215 1091 generum
1274 1030 1603 1074 commune.
1683 1011 1934 1072 bellator
1987 1011 2141 1071 enim
2197 1012 2463 1074 bellatrix
2511 1014 2666 1074 facit.
2754 1015 2829 1075 ab
2871 1035 2942 1075 eo

348 1127 439 1178 est
480 1117 652 1177 etiam
693 1115 964 1187 Bellona,
1012 1115 1119 1174 dea
1161 1113 1465 1174 bellorum.
1537 1113 1795 1174 duellum
1837 1113 2061 1191 antiqui
2106 1113 2381 1174 dicebant
2423 1135 2534 1195 pro
2574 1115 2824 1187 bellum,
2872 1136 2941 1176 ex

347 1238 464 1296 quo
521 1218 860 1298 perduellio.
950 1236 981 1277 a
1037 1215 1191 1276 bello
1238 1215 1628 1294 compositum
1683 1214 2039 1295 bellipotens
2094 1222 2153 1273 et
2202 1214 2448 1294 belliger
2491 1223 2545 1276 et
2596 1215 2845 1276 imbellis
2883 1225 2943 1276 et

347 1321 586 1381 rebellis
630 1330 688 1380 et
729 1318 948 1379 rebello
982 1317 1251 1377 verbum:
1298 1315 1528 1376 debello
1557 1333 1792 1394 quoque
1832 1314 2222 1393 compositum
2268 1316 2540 1392 verbum;
2586 1318 2723 1377 inde
2765 1319 2939 1378 etiam

347 1420 734 1481 ‘debellatum
779 1422 924 1479 est'.
1016 1417 1158 1476 Belli
1220 1418 1373 1477 enim
1425 1425 1659 1496 portae,
1715 1418 1978 1495 quamvis
2027 1417 2177 1477 duae
2231 1417 2351 1479 sint
2394 1429 2622 1497 partes,
2668 1438 2777 1499 pro
2822 1439 2941 1480 uno

286 1531 547 1583 notamen
594 1520 829 1581 nomine
875 1518 1114 1598 proprio
1159 1517 1557 1599 accipiuntur,
1590 1518 1758 1596 quod
1808 1518 2099 1595 significat
2140 1519 2298 1579 sores
2338 1520 2538 1599 templi
2584 1520 2724 1581 lani.

521 1623 817 1700 Signum
885 1639 1033 1698 quae
1104 1638 1239 1699 pars
1294 1618 1573 1679 orationis
1644 1617 1775 1680 est?
1844 1620 2088 1680 Nomen.
2182 1618 2409 1689 Quale?
2493 1621 2937 1701 Appellativum.
2981 1636 3071 1685 tot

351 1725 531 1786 Cuius
575 1720 833 1804 speciei?
915 1720 1258 1781 l'rimitivae.
1338 1718 1454 1780 Fac
1496 1721 1568 1780 ab
1615 1738 1683 1780 eo
1725 1719 2123 1781 derivativum.
2200 1720 2620 1784 Diminutivum
2663 1723 2939 1801 sigillum,
3136 1706 3147 1714 ⁸

350 1826 589 1885 verbum
646 1825 814 1901 signo
868 1823 1064 1902 signas
1119 1821 1308 1898 signat
1356 1830 1413 1881 et
1458 1821 1649 1899 signio
1695 1822 1882 1899 signis
1925 1830 1983 1882 et
2027 1841 2094 1882 ex
2142 1841 2212 1882 eo
2249 1825 2640 1903 compositum
2687 1826 2940 1904 insignio

349 1927 627 2004 insigniS,
670 1925 824 1986 unde
861 1923 1193 2001 insignitus
1283 1933 1583 2002 praeterea
1626 1923 1891 2000 significo
1935 1923 2231 2000 significas
2276 1925 2566 2002 significat
2601 1935 2658 1986 et
2698 1928 2943 2005 signifer

286 2048 332 2087 ιε,
351 2037 408 2088 et
441 2026 890 2104 antesignanus,
929 2027 1041 2085 hoc
1073 2033 1162 2085 est
1200 2033 1606 2105 propugnator
1642 2027 1651 2095 Ι
1691 2024 2028 2102 signorum,
2067 2033 2125 2085 et
2162 2025 2438 2103 designo,
2473 2026 2629 2087 unde
2665 2027 2943 2105 designa-

354 2138 480 2204 tus,
528 2136 587 2188 et
629 2127 893 2206 resigno,
942 2135 1005 2188 ut
1048 2127 1107 2187 in
1151 2136 1360 2204 quarto
1401 2125 1768 2186 Aeneidos

1566 2234 1637 2287 et
1678 2226 1951 2288 lumina
1999 2240 2232 2288 morte
2276 2228 2635 2308 resignat.

351 2341 441 2393 est
481 2339 676 2392 autem
738 2329 1078 2400 univocum,
1139 2328 1194 2388 id
1258 2336 1350 2388 est
1390 2314 1742 2405 ὁμώνυμονε
1800 2329 2089 2407 significat
2126 2329 2279 2390 enim
2336 2319 2446 2407 τὴν
2485 2331 2791 2411 σφραγῖδα
2838 2330 2940 2393 καὶ

349 2425 415 2492 τὸ
464 2425 700 2511 ἄγαλμα
751 2428 853 2489 καὶ
904 2419 969 2489 τὸ
1010 2429 1130 2489 τῶν
1181 2427 1454 2505 πολέμων
1503 2434 1750 2506 σημεῖον
1790 2421 1858 2490 τὸ
1899 2427 1963 2489 ἐν
2008 2431 2095 2513 τῷ
2136 2432 2333 2514 κοντῷ
2374 2430 2476 2491 καὶ
2507 2423 2589 2492 ’τὸ
2630 2427 2943 2511 σύνθημα,

283 2551 335 2590 ²⁰
356 2543 421 2596 ut
457 2535 516 2594 in
562 2533 769 2594 eodem
814 2532 963 2593 libro

1626 2633 1681 2693 it
1723 2632 1924 2694 bello
1965 2641 2252 2694 tessera
2305 2635 2639 2714 signum,

352 2734 456 2796 καὶ
488 2727 598 2813 τὴν
629 2729 944 2813 σάλπιγγα,
991 2742 1054 2794 ut
1097 2733 1441 2794 Lucanus
1471 2748 1522 2800 ἡ
1566 2734 1814 2813 {signa
1861 2739 2194 2796 canunt’.

523 2836 880 2898 Laurenti
935 2853 1084 2912 quae
1142 2853 1277 2913 pars
1337 2836 1618 2897 orationis
1670 2834 1801 2896 est?
1886 2837 2128 2898 Nomen.
2197 2838 2425 2908 Quale?
2496 2841 2939 2921 Appellativum.
2982 2849 3081 2900 162

354 2941 535 3002 Cuius
580 2935 839 3018 speciei?
925 2936 1279 2997 Derivativae
1333 2938 1763 3015 possessivum,
1825 2947 1917 2999 est
1972 2947 2166 2999 tamen
2224 2940 2396 3001 etiam
2456 2942 2713 3019 patriae,
2760 2943 2810 3001 si
2853 2952 2947 3003 est

283 3063 335 3102 2⁵
353 3042 639 3102 ablativus
701 3038 775 3099 ab
838 3057 907 3099 eo
972 3037 1126 3115 quod
1183 3047 1274 3097 est
1329 3038 1425 3098 hic
1477 3046 1536 3097 et
1587 3039 1731 3099 haec
1791 3048 1850 3100 et
1907 3040 2021 3100 boc
2082 3041 2346 3101 Laurens
2390 3041 2565 3102 buius
2610 3042 2944 3104 Laurentis.

354 3149 552 3223 potest
593 3151 787 3201 tamen
843 3146 902 3225 et
953 3136 1251 3217 proprium
1291 3138 1480 3217 ipsius
1516 3138 1763 3200 civitatis
1810 3159 1975 3212 esse,
2022 3141 2070 3201 si
2115 3143 2420 3218 genetivus
2463 3143 2785 3221 accipitur,
2832 3144 2947 3204 boc

353 3245 712 3305 Laurentum
758 3241 934 3302 huius
975 3239 1276 3312 Laurenti,
1324 3247 1385 3299 ut
1427 3239 1503 3299 sit
1546 3240 1620 3300 ab
1665 3259 1802 3301 arce
1846 3242 2152 3313 Laurenti,
2196 3242 2308 3302 hoc
2354 3253 2447 3303 est
2484 3244 2560 3304 ab
2601 3263 2738 3304 arce
2784 3245 2947 3305 urbis

355 3344 649 3407 Laurenti.
726 3342 830 3403 sed
875 3341 924 3402 si
982 3348 1068 3400 est
1112 3339 1185 3400 ab
1231 3359 1300 3401 eo
1346 3341 1501 3418 quod
1548 3354 1640 3402 est
1681 3342 1777 3403 bic
1827 3352 1886 3403 et
1922 3342 2067 3403 haec
2110 3351 2168 3403 et
2213 3343 2328 3404 hoc
2370 3344 2669 3414 Laurens,
2712 3346 2788 3405 ab
2832 3346 2947 3407 boc

497 3580 522 3630 l
562 3593 866 3631 earnium
894 3577 1009 3625 vilia
1035 3577 1347 3637 munuscula,
1378 3586 1428 3626 ut
1458 3588 1574 3627 sunt
1609 3594 1762 3628 nuces
1790 3588 1839 3628 et
1875 3596 1933 3629 ΡΛ
1958 3580 2139 3646 (panes
2177 3581 2593 3645 Lindemannua),
2626 3598 2755 3644 quae
2793 3585 2945 3633 latine

355 3650 592 3699 dicuntur
642 3647 876 3696 colobida
930 3645 1146 3697 (colobia
1161 3646 1207 3703 ζ’)
1233 3681 1246 3694 .
1278 3645 1394 3693 hinc
1439 3658 1487 3695 et
1535 3650 1828 3712 tragoediae
1863 3660 1981 3698 sunt
2022 3650 2138 3699 vilia
2174 3652 2399 3700 carmina
2438 3652 2485 3700 L
2623 3652 2657 3703 3
2695 3654 2944 3701 bellienns

357 3718 485 3769 CGS
520 3719 802 3782 belligenus
831 3730 859 3763 a
896 3730 908 3763 ε
953 3714 1243 3777 Belligenua
1285 3713 1379 3763 suit
1421 3718 1556 3775 enim
1597 3719 1772 3766 consul
1826 3718 2084 3768 Romanus
2108 3755 2125 3781 ,
2161 3722 2246 3782 qui
2284 3737 2345 3770 eo
2381 3731 2609 3787 tempore
2658 3734 2808 3771 natus
2844 3735 2944 3777 est.

356 3801 457 3852 quo
488 3787 656 3836 civilia
695 3785 975 3849 agebantur
1011 3783 1202 3847 proelia
1237 3782 1288 3831 L
1388 3786 1417 3832 4
1458 3788 1717 3850 proprium
1754 3786 1841 3836 GS
1873 3789 2092 3852 primum
2124 3789 2167 3837 C
2279 3790 2314 3840 6
2349 3791 2597 3839 dut-ilium
2635 3790 2726 3840 cl,
2760 3807 2781 3840 .·
2814 3793 2946 3841 inter

355 3872 584 3923 pugnam
623 3864 670 3903 et
707 3854 889 3902 bellum
927 3866 972 3900 et
1014 3852 1258 3915 proelium
1287 3851 1381 3900 hoc
1405 3853 1574 3903 distat.
1611 3871 1788 3920 pugna
1823 3867 1901 3905 est
1926 3858 2131 3920 quando
2162 3861 2392 3908 cominus
2430 3871 2716 3924 pugnatur:
2756 3861 2944 3909 bellum

355 3937 433 3976 est
465 3924 713 3992 proelium
762 3921 896 3985 quod
933 3921 1086 3985 longo
1125 3931 1351 3985 tempore
1391 3922 1444 3971 tlt
1474 3959 1486 3970 .
1513 3922 1594 3971 hic
1633 3927 1912 3989 perduellio
1968 3927 2120 3976 huius
2170 3929 2535 3991 perduellionis
2581 3931 2694 3993 ipse
2732 3940 2810 3978 est
2858 3931 2944 3992 qui

357 3995 477 4044 facit
514 3993 765 4057 originem
804 3990 950 4045 belli,
990 3989 1207 4052 iurgium
1245 3990 1476 4039 videlicet
1516 4002 1565 4040 et
1602 3996 1974 4044 contentionem
2003 4034 2017 4048 .
2046 3996 2269 4045 duellum
2307 4008 2382 4046 est
2421 3998 2606 4046 bellum
2646 3999 2783 4059 quod
2817 4000 2946 4047 inter

356 4065 486 4113 duos
521 4062 606 4123 fit,
637 4061 878 4110 duellium
915 4074 1033 4106 vero
1064 4060 1174 4122 ipsa
1211 4058 1428 4122 litigatio
1463 4061 1508 4108 L
1646 4063 1681 4112 9
1719 4064 2022 4127 Belliportae
2053 4066 2148 4114 sub
2178 4080 2278 4114 uno
2315 4078 2523 4115 accentu
2560 4070 2786 4131 protae-e
2820 4067 2943 4115 dici-

357 4145 438 4182 tur
473 4134 622 4180 ianua
658 4130 832 4194 templi
867 4129 990 4181 lani,
1029 4142 1156 4188 quae
1195 4138 1420 4192 tempore
1460 4130 1601 4193 pacis
1638 4132 1985 4191 claudebatur,
2024 4136 2314 4184 imminente
2352 4150 2473 4184 vero
2511 4137 2642 4184 bello
2680 4137 2945 4200 aperieba-

357 4211 460 4265 tur,
497 4213 551 4250 ut
586 4199 704 4249 inde
741 4197 1102 4263 proeliantibus
1142 4197 1332 4245 veniret
1368 4199 1613 4247 auxilium
1642 4237 1654 4249 .
1684 4202 1907 4263 quinque
1957 4204 2092 4251 enim
2131 4214 2305 4267 portae
2342 4205 2390 4253 in
2432 4205 2619 4270 templo
2656 4207 2760 4252 lani
2799 4215 2942 4252 erant

357 4282 405 4319 et
458 4270 759 4334 Belliportae
804 4266 1110 4315 vocabantur
1160 4280 1254 4328 eo,
1302 4266 1435 4327 quod
1487 4268 1535 4315 in
1586 4279 1812 4334 tempore
1851 4271 2094 4321 bellorum
2128 4274 2505 4338 apenlebantur,
2544 4276 2684 4333 pacis
2718 4287 2943 4337 tempore

356 4339 720 4388 claudebantur
780 4337 825 4384 L
971 4335 1031 4383 15
1083 4334 1216 4382 unde
1273 4335 1572 4398 designatus
1623 4337 1995 4389 Lindemann
2038 4341 2175 4390 unde
2228 4342 2464 4407 designat
2508 4342 2637 4392 CGS
2782 4342 2844 4391 16
2892 4342 2943 4389 in

356 4420 536 4471 quarto
574 4402 848 4468 Aeneidos]
890 4420 936 4453 υ.
972 4404 1074 4451 244
1221 4403 1284 4452 18
1332 4405 1620 4453 omonimon
1645 4442 1656 4452 .
1686 4408 1941 4471 significat
1992 4411 2127 4457 enim
2177 4426 2276 4461 rnx
2331 4419 2585 4471 contin
2629 4427 2711 4460 nt
2748 4425 2809 4460 το
2846 4424 2942 4460 ros

291 4466 301 4489 ⁶
357 4491 604 4527 nonanes
660 4487 885 4523 cantenor«
937 4488 997 4522 το
1036 4487 1096 4520 ex
1149 4486 1213 4520 τι
1261 4488 1432 4523 nosne
1473 4489 1556 4523 nt
1589 4490 1650 4523 το
1689 4491 1917 4525 emes-A
1957 4489 2008 4525 ut
2042 4480 2091 4525 in
2126 4480 2301 4527 eodem
2341 4478 2385 4527 0
2430 4494 2723 4529 onustatos
2760 4493 2943 4544 grecos

356 4546 612 4610 significat
659 4552 714 4591 ut
751 4543 800 4591 iu
849 4543 1027 4591 eodem
1072 4543 1112 4590 C
1164 4555 1433 4591 eutonium·
1484 4543 1740 4607 significat
1787 4547 1923 4593 enim
1961 4547 2096 4611 uirg.
2137 4550 2185 4595 in
2224 4548 2437 4610 eodem,
2477 4548 2669 4598 additt's
2702 4550 2753 4596 in
2781 4561 2944 4611 mam.

357 4630 456 4664 rur«
511 4623 779 4676 εφπΑῐιΔΛ
821 4626 905 4659 nt
944 4625 1005 4659 το
1043 4623 1255 4658 ΛτΛΛιιΑ
1295 4626 1379 4659 nt
1422 4626 1483 4660 ro
1521 4627 1615 4662 τος
1668 4624 1976 4664 nAoenoxox
2012 4631 2169 4666 nenos
2206 4630 2267 4665 το
2304 4633 2366 4668 ex
2406 4631 2468 4665 το
2505 4632 2711 4667 ιιωιτω
2750 4632 2835 4665 nt
2878 4630 2942 4665 το

301 4718 306 4725 -
359 4698 580 4734 ctxeenm
619 4680 660 4730 S
797 4680 866 4729 ²0
907 4679 958 4727 in
997 4679 1177 4727 eodem
1223 4676 1366 4743 libro]
1418 4681 1574 4745 Ver-9.
1613 4681 1746 4730 Aen.
1783 4682 1871 4730 vu
1909 4683 2009 4731 6:37
2040 4719 2051 4730 .
2080 4686 2335 4734 excidisse
2367 4686 2566 4734 vz‘detm·
2599 4687 2744 4735 atiud
2773 4701 2943 4734 exem·

351 4754 486 4813 ptum
520 4756 570 4801 tn
599 4753 774 4812 priore
809 4747 1038 4798 vocabuli
1069 4750 1485 4809 interpretatione
1520 4766 1592 4799 ea:
1627 4751 1798 4799 eodem
1831 4752 1960 4800 libro
1994 4754 2303 4815 adrev-ipwa-
2442 4754 2503 4802 21
2549 4755 2583 4801 it
2618 4755 2663 4803 0
2698 4763 2752 4803 nt
2782 4756 2825 4804 C
2857 4755 2944 4803 dat

353 4820 396 4869 S
533 4821 602 4868 22
649 4832 743 4869 τοκ
780 4831 1033 4867 emman
1068 4817 1110 4864 0
1253 4816 1452 4868 Luem
1483 4822 1755 4880 exea-pem
1791 4822 2149 4870 comminuant
2186 4822 2322 4886 quod
2347 4825 2576 4885 seqnitur
2620 4824 2839 4889 Vergilii
2872 4833 2950 4874 eu

354 4888 485 4938 Aen.
529 4887 573 4937 X
609 4886 713 4937 310
851 4887 915 4934 24
955 4884 1350 4933 diriuatiuorum
1381 4889 1730 4951 possetsinnrn
1771 4889 1817 4939 0
1954 4891 2024 4941 26
2056 4890 2151 4940 hoc
2189 4892 2491 4940 laurentium
2523 4892 2569 4942 0

460 4988 872 5034 ossauartct
916 4987 1138 5028 La‘rmt
1183 4988 1280 5030 111.
1585 5022 1596 5033 ,
1848 5010 1853 5013 Α
2461 4975 2544 5038 32
