3576 5595
591 421 713 481 508
1699 421 2067 483 PRlSCIANl

692 535 934 590 pave-17
957 536 1006 576 P.
2779 535 3078 589 μεμειωκ.

2073 606 2562 669 Oceanitides
2607 608 2874 668 ambae.

460 713 556 763 109
597 710 700 769 Dic
752 710 1169 788 possessivum.
1261 709 1555 770 Oceanius
1635 710 1892 770 Oceania
1934 706 1961 791 ΙΙ
2004 710 2359 782 Oceanium,
2425 718 2488 770 ut
2543 709 2853 771 Saturnius
2911 708 3182 768 Saturnia

589 811 945 872 Saturnium.
1018 812 1122 871 Dic
1167 812 1650 890 patronymicum.
1707 802 1995 881 Ὠκεανὸς
2032 804 2326 871 Ὠκεανοῦ
2367 811 2694 871 Oceanides
2739 820 2797 870 et
2835 810 3181 870 femininum
3226 849 3231 852 Δ

591 912 874 984 Oceanis,
934 914 1091 973 velut
1151 914 1422 988 Πρίαμος
1486 907 1765 990 Πριάμου
1819 912 2140 972 Priamides
2205 921 2263 971 et
2320 913 2584 973 PriamiS.
2675 921 2729 970 et
2787 912 3051 989 quamvis
3107 911 3185 971 sit

590 1017 890 1094 proprium
917 1015 1252 1106 ‘Oceanum
1308 1013 1481 1074 etiam
1539 1034 1645 1093 pro
1711 1015 2058 1093 appellativo
2124 1014 2438 1093 accipitur,
2504 1014 2739 1090 quando
2795 1022 2991 1092 partes
3047 1013 3221 1072 eius-'³

593 1119 908 1194 significat,
956 1127 1020 1176 ut
1065 1116 1113 1175 si
1159 1114 1347 1175 dicam
1395 1115 1717 1176 Atlanticus
1751 1135 2010 1176 oceanus
2055 1125 2112 1176 et
2162 1116 2395 1176 ludicus
2438 1134 2694 1175 oceanus
2734 1123 2792 1174 et
2834 1115 3082 1176 Boricus
3128 1121 3189 1172 et

591 1218 947 1296 Erythraeus
1003 1218 1122 1276 sive
1177 1217 1599 1296 AethiopicuS,-
1641 1217 1938 1293 quomodo
1999 1237 2188 1289 mare,
2250 1236 2383 1277 eum
2443 1225 2627 1278 totum
2677 1217 3003 1294 significat,
3050 1234 3185 1293 pro-

593 1321 782 1399 prium
831 1328 947 1391 est,
996 1337 1128 1378 cum
1176 1329 1437 1397 partem,
1484 1317 1913 1397 appellativum.

763 1421 1051 1480 interea
1104 1439 1252 1498 quae
1304 1439 1440 1498 pars
1482 1420 1761 1479 orationis
1804 1419 1933 1480 est?
2005 1420 2372 1481 Adverbium.
2463 1421 2643 1480 Cuius
2700 1416 3189 1498 significationis?

594 1523 702 1582 llic
759 1521 1125 1601 temporalis,
1199 1520 1341 1582 alias
1396 1531 1592 1580 autem
1652 1521 1824 1582 etiam
1893 1521 2096 1582 localis
2153 1532 2272 1595 est,
2342 1532 2405 1581 ut
2468 1521 2827 1599 Virgilius
2880 1521 2937 1580 in
2994 1519 3184 1599 primo
3213 1534 3260 1572 ιο

592 1623 963 1684 Aeneidos
2310 1672 2321 1684 ,

896 1725 1186 1784 interea
1232 1724 1312 1784 ad
1370 1724 1722 1803 templum
1786 1745 1922 1784 non
1970 1744 2250 1802 aequae
2297 1726 2631 1786 Palladis
2680 1725 2884 1785 ibant

900 1824 1242 1886 crinibus
1286 1825 1563 1886 Iliades
1609 1827 1860 1904 passis
1914 1827 2361 1906 peplumque
2406 1827 2768 1887 serebant.

377 1943 386 1952 ‘
456 1942 561 1993 200
600 1928 778 1990 Cuius
823 1937 911 1988 est
956 1925 1214 2004 figurae?
1276 1927 1648 2006 Compositae
1701 1947 1770 1988 ex
1816 1929 2046 1989 duobus
2091 1930 2363 2006 integriS,
2411 1930 2522 1989 hoc
2563 1939 2654 1987 est
2695 1948 2763 1987 ex
2802 1926 2954 1986 inter
2997 1933 3053 1984 et
3099 1943 3186 1997 ea,

465 2945 559 2996 201

596 2030 694 2108 qui
736 2039 826 2089 est
879 2028 1163 2088 ablativus
1211 2031 1524 2108 perfectus.
1617 2030 1809 2090 solent
1867 2040 2060 2090 autem
2111 2031 2383 2109 componi
2431 2029 2661 2090 ablativi
2706 2047 2838 2089 cum
2886 2027 3261 2107 praeposi-¹⁵

595 2131 854 2191 tionibus
909 2149 1056 2207 quae
1112 2131 1284 2191 etiam
1343 2131 1676 2190 accusativo
1734 2132 2048 2210 separatim
2109 2131 2297 2192 solent
2356 2132 2663 2208 coniungi,
2714 2139 2777 2191 ut
2832 2137 3192 2208 quapropter

596 2232 869 2310 quacirca
926 2241 1226 2310 praeterea
1287 2240 1626 2310 propterea3
1688 2232 1773 2292 sic
1822 2233 1992 2291 etiam
2051 2232 2291 2292 interea.
2382 2234 2540 2293 lnter
2582 2232 2936 2311 primitivum
2983 2238 3070 2290 est
3115 2248 3191 2288 an

599 2331 1019 2393 derivativum?
1093 2332 1177 2392 Ab
1216 2333 1275 2391 in
1321 2333 1616 2392 derivatur
1662 2333 1842 2406 inter,
1890 2334 2183 2410 quomodo
2225 2333 2297 2393 ab
2346 2353 2413 2393 ex
2459 2343 2620 2393 exter
2663 2343 2721 2393 et
2764 2353 2795 2393 a
2839 2333 2949 2393 sub
2990 2331 3195 2392 subter

600 2445 658 2494 et
703 2454 732 2494 a
775 2436 846 2493 de
883 2435 1119 2510 antique
1159 2434 1361 2505 ‘deter,
1413 2433 1568 2493 unde
1613 2442 1670 2493 et
1712 2435 1968 2494 deterior
2008 2436 2387 2507 deterrimuS,
2433 2453 2581 2513 quae
2626 2444 2820 2495 tamen
2869 2433 2965 2493 alii
3012 2451 3043 2492 a
3090 2431 3194 2490 de-

601 2546 724 2596 tero
785 2535 960 2594 verbo
1017 2536 1165 2593 sacta
1222 2554 1355 2594 esse
1407 2544 1773 2613 putaverunt.
1868 2537 2160 2614 quomodo
2225 2545 2417 2597 autem
2474 2537 2547 2596 ab
2602 2547 2764 2596 exter
2815 2544 2974 2594 extra
3031 2542 3087 2592 et
3144 2552 3257 2591 ato

603 2655 783 2715 super
827 2654 1024 2714 supra,
1084 2636 1168 2695 sic
1213 2644 1270 2695 et
1313 2636 1385 2696 ab
1434 2637 1586 2697 inter
1629 2636 1797 2696 intra.
1889 2637 2025 2697 hinc
2072 2638 2225 2698 intro
2274 2645 2332 2698 et
2375 2639 2551 2698 intus.
2644 2647 2700 2697 et
2745 2638 2894 2696 intra
2957 2636 3193 2714 quidem

603 2739 852 2820 spatium
907 2739 1183 2817 temporis
1237 2737 1324 2797 vel
1376 2738 1487 2797 loci
1545 2739 1867 2815 signifieat,
1924 2739 2076 2799 intro
2135 2758 2271 2799 vero
2331 2740 2400 2800 ad
2451 2733 2675 2813 locum,
2724 2739 2879 2799 intus
2925 2737 2982 2796 in
3027 2736 3191 2796 loco:

603 2841 1036 2921 comparativus
1082 2839 1352 2912 interior,
1401 2841 1790 2919 superlativus
1836 2841 2107 2913 iutimuS,
2156 2841 2393 2902 verbum
2440 2843 2595 2901 intro
2642 2837 2843 2900 intras.

774 2944 1106 3017 Surgens
1169 2959 1316 3019 quae
1368 2961 1506 3020 pars
1557 2942 1838 3001 orationis
1890 2940 2019 3001 est?
2084 2941 2457 3022 l'articipium
2517 2942 2845 3021 praesentis
2892 2926 3192 3018 temporis,

604 3056 661 3106 et
706 3046 762 3105 in
806 3046 950 3104 duas
995 3052 1389 3104 consonantes
1433 3043 1676 3117 desinit,
1721 3044 1834 3103 hoc
1874 3050 1964 3102 est
2009 3063 2044 3102 n
2084 3051 2140 3102 et
2179 3065 2239 3115 s,
2287 3054 2345 3104 et
2388 3063 2700 3104 commune
2734 3052 2824 3102 est
2871 3042 3043 3101 trium
3091 3059 3192 3115 ge·
3212 3058 3264 3095 25

604 3166 826 3207 nerum.
921 3145 1100 3206 Cuius
1147 3152 1235 3204 est
1280 3143 1497 3205 casus?
1576 3145 1923 3205 Nominativi
1970 3154 2025 3203 et
2075 3145 2346 3217 vocativi,
2394 3146 2489 3205 hic
2532 3153 2722 3206 autem
2771 3143 3129 3213 nominativi,
3182 3135 3190 3217 Ι

606 3248 885 3328 temporis
929 3247 1288 3327 praesentiS,
1348 3246 1793 3323 significationis
1850 3255 2121 3317 neutrae,
2167 3248 2387 3306 formae
2431 3246 2757 3325 perlectae,
2806 3246 3028 3305 numeri
3075 3246 3195 3303 sin-

604 3350 850 3425 gularis,
909 3353 1126 3425 figurae
1170 3348 1548 3427 compositae.
1640 3348 1724 3407 Ex
1771 3347 2028 3425 quibus?
2095 3349 2179 3407 Ex
2224 3348 2455 3408 duobus
2506 3347 2832 3426 corruptis:
2891 3334 3196 3406 tam‘sur—

605 3470 734 3511 sum
795 3451 947 3510 enim
1001 3468 1173 3528 (piam
1243 3468 1382 3525 rego
1442 3458 1714 3529 corrupta
1777 3458 1933 3509 sunt.
2025 3459 2083 3510 et
2144 3450 2461 3535 notandum
2523 3458 2641 3520 est,
2709 3449 2896 3526 quod,
2953 3466 3085 3508 cum
3139 3445 3196 3506 in

604 3552 897 3631 praesenti
946 3571 1012 3609 ex
1055 3550 1285 3610 duobus
1333 3550 1624 3629 corruptis
1671 3551 1776 3623 sit,
1824 3551 1881 3610 in
1931 3553 2243 3629 praeterito
2286 3570 2351 3608 ex
2400 3560 2677 3629 corrupto
2725 3560 2782 3609 et
2826 3542 3051 3627 integro
3100 3549 3189 3609 in·
3213 3564 3265 3603 ao

604 3654 859 3725 venitur,
916 3650 1158 3713 surrexi.
1250 3658 1307 3709 et
1358 3652 1538 3711 multa
1596 3652 1972 3713 inveniuntur
2019 3651 2423 3713 huiuscemodi
2480 3670 2597 3711 non
2641 3651 2829 3711 solum
2875 3650 3049 3710 verba
3092 3649 3195 3709 sed

604 3764 662 3815 et
708 3756 982 3825 nomina,
1031 3760 1093 3813 ut
1137 3752 1419 3812 alteruter
1475 3753 1811 3813 alterutrius
1864 3755 1919 3813 in
1970 3752 2355 3814 nominativo
2406 3773 2472 3812 ex
2518 3753 2746 3813 duobus
2802 3752 3045 3828 integris
3085 3758 3195 3823 est,

605 3858 663 3918 in
711 3857 976 3934 genetivo
1019 3874 1086 3914 ex
1128 3862 1408 3932 corrupto
1457 3863 1514 3913 et
1554 3854 1812 3932 integro:
1860 3856 2012 3915 idem
2047 3856 2305 3914 eiusdem
2350 3855 2407 3913 in
2451 3853 2806 3913 nominativo
2852 3873 2919 3913 ex
2966 3851 3197 3913 duobus

606 3958 896 4036 corruptis
952 3964 1070 4027 est,
1128 3956 1187 4015 in
1233 3959 1501 4033 genetivo
1547 3975 1616 4014 ex
1658 3956 1886 4033 integro
1934 3964 1989 4016 et
2038 3964 2350 4035 corrupto:
2398 3975 2545 4032 cogo
2592 3955 2755 4033 coegi
2792 3955 2850 4015 in
2897 3953 3196 4034 praesenti

607 4079 675 4119 ex
731 4057 960 4119 duobus
1020 4058 1311 4136 corruptis
1363 4066 1482 4129 est,
1529 4057 1588 4116 in
1646 4058 1959 4135 praeterito
2025 4058 2284 4135 perfeeto
2344 4076 2412 4116 ex
2470 4066 2745 4136 corrupto
2802 4064 2860 4115 et
2932 4057 3263 4133 integrent>

606 4178 786 4239 pergo
835 4157 1061 4237 perrexi
1106 4159 1164 4218 in
1208 4158 1502 4237 praesenti
1549 4178 1617 4217 ex
1663 4159 1890 4236 integro
1944 4168 2034 4218 est
2079 4166 2137 4217 et
2181 4167 2493 4238 corrupto,
2540 4159 2596 4218 in
2645 4158 2958 4237 praeterito
3005 4165 3197 4218 autem

473 4266 572 4318 202
612 4281 679 4323 ex
740 4261 970 4321 duobus
1031 4258 1291 4337 integris.
1382 4259 1617 4320 Declina
1680 4260 1920 4321 verbum
1987 4259 2191 4341 [eius].
2277 4260 2592 4322 Indicativo
2650 4277 2829 4336 surgo
2888 4258 3199 4334 surgebam

606 4363 827 4441 surrexi
874 4380 1239 4423 surrexeram
1283 4379 1554 4439 surgam3
1596 4361 1938 4441 imperativo
1984 4382 2160 4441 surge
2205 4370 2408 4441 surgat
2448 4379 2757 4440 surgamus
2801 4360 3022 4438 surgite
3069 4377 3202 4418 sur-

789 4614 852 4664 10
884 4614 1010 4665 alias
1046 4620 1095 4667 in
1133 4618 1290 4666 litura
1325 4616 1365 4665 S
1405 4616 1501 4665 hoc
1541 4618 1624 4667 CO
1775 4618 1827 4665 in
1865 4618 2027 4682 primo
2062 4613 2341 4679 Aeneidos]
2384 4632 2430 4665 v.
2466 4613 2569 4665 479
2748 4613 2809 4662 17
2847 4615 3080 4676 quacirca
3120 4614 3203 4664 CG

611 4686 843 4746 quocirca
880 4685 919 4731 S
1095 4686 1157 4735 18
1194 4687 1256 4735 ab
1293 4702 1358 4734 ex
1398 4698 1541 4735 exter
1582 4686 1625 4734 G
1661 4686 1723 4735 ab
1763 4701 1827 4734 ex
1865 4698 2010 4736 extra
2041 4686 2122 4735 CS
2295 4688 2363 4735 20
2401 4686 2462 4733 ab
2496 4692 2637 4733 exter
2676 4685 2760 4734 GS
2792 4684 2854 4732 ab
2892 4699 2956 4731 ex
2995 4683 3036 4732 G

613 4756 674 4800 21
720 4753 792 4799 sie
827 4753 887 4800 ab
923 4755 1053 4803 inter
1089 4766 1136 4803 et
1182 4757 1311 4804 intra
1346 4756 1386 4804 C
1428 4756 1501 4804 sie
1536 4757 1597 4804 ab
1635 4757 1764 4803 inter
1807 4756 1941 4804 iutra
1980 4756 2021 4805 G
2060 4756 2131 4803 sic
2169 4755 2229 4802 ab
2270 4757 2318 4803 in
2358 4756 2488 4803 inter
2527 4762 2574 4801 et
2612 4754 2746 4803 intra
2780 4752 2821 4801 S
2999 4753 3066 4802 28
3104 4753 3203 4800 iam

611 4836 700 4867 sur
736 4821 866 4867 enim
896 4837 1046 4884 quam
1076 4838 1143 4888 go
1187 4826 1232 4872 L
1375 4840 1552 4875 susum
1583 4826 1624 4874 G
1766 4827 1833 4874 29
1871 4833 1919 4873 et
1957 4823 2231 4874 notandum
2271 4824 2519 4885 (notando
2553 4822 2616 4882 C)
2657 4833 2732 4871 est
2766 4823 2897 4871 enirn
2939 4822 3075 4885 quod
3115 4822 3205 4870 GG

615 4888 885 4934 notandum
936 4893 1069 4939 enim
1118 4893 1253 4954 quod
1290 4892 1332 4939 S
1500 4894 1567 4944 30
1617 4909 1681 4942 ex
1721 4904 1958 4959 corrupto
1999 4904 2045 4944 et
2090 4894 2289 4958 integro
2326 4892 2367 4941 S
2415 4908 2480 4941 ex
2516 4894 2716 4956 integro
2753 4901 2802 4939 et
2844 4902 3081 4956 corrupto
3121 4890 3206 4940 OG
