3576 5595
884 437 1380 500 PARTtTtoNES
1425 437 1530 500 xlt
1574 437 1783 499 VERS.
1822 436 1987 498 AEN.
2028 437 2143 528 v113
2194 446 2479 501 132—137
2860 433 2979 495 491

499 568 541 608 p.
568 554 686 594 ηπ».
707 553 824 600 τω).
2564 563 2605 602 ρ.
2627 548 2806 592 aee-as
2827 549 2882 590 κ.

399 634 457 686 et
523 611 1097 704 semiseptenari'am,
1163 633 1225 684 tu
1289 641 1523 701 quoque
1597 623 1864 684 litoribus
1919 623 2157 684 nostris.
2249 621 2407 692 Quot
2471 622 2785 699 figurarum
2856 617 2987 681 est?

398 728 646 802 Decem3
679 726 853 787 babet
890 726 1042 786 enim
1081 734 1202 786 tres
1235 725 1496 803 dactylos
1541 732 1599 785 et
1638 725 1785 785 duos
1831 723 2145 804 spondeos.
2221 723 2427 784 Tracta
2473 721 2738 800 singulos
2783 720 2985 801 pedes,

399 830 721 907 'l'uquoque
778 834 834 887 et
878 837 1087 887 cetera.
1159 829 1167 904 Ι
1236 826 1392 898 Quot
1441 826 1616 886 habet
1673 833 1871 906 partes
1929 821 2250 886 orationis?
2303 825 2434 884 Sex.
2509 822 2667 893 Quot
2711 819 2988 883 nomina?

400 930 566 1001 Tria,
630 928 899 990 litoribus
949 927 1163 988 Aeneia
1209 927 1418 987 nutrix.
1511 927 1668 997 Quot
1712 924 2099 1005 pronomina?
2182 925 2342 998 Duo,
2390 932 2449 985 tu
2497 925 2735 986 nostris.
2835 923 2986 1003 Quid

361 1028 600 1091 5aliutl?
646 1029 1165 1101 Coniunctionem,
1213 1046 1466 1106 quoque.
1548 1028 1755 1088 Tracta
1796 1028 2056 1105 singulas
2090 1036 2304 1106 partes.
2868 1045 2871 1046 ⁷

571 1131 667 1191 Tu
713 1148 862 1208 quae
906 1148 1044 1209 pars
1089 1130 1368 1190 orationis
1407 1127 1537 1190 est?
1618 1129 1967 1189 Pronomen.
2055 1127 2206 1201 Quid
2255 1137 2346 1188 est
2392 1125 2758 1207 pronomen?
2845 1128 2989 1189 Pars

403 1233 683 1292 orationis
734 1250 882 1309 quae
940 1250 1045 1310 pro
1087 1231 1323 1292 nomine
1373 1231 1561 1309 posita
1604 1230 1945 1290 tantundem
1994 1247 2181 1308 paene
2226 1230 2515 1307 significat
2561 1246 2989 1308 personamque

403 1333 626 1413 recipit.
655 1389 672 1408 ,
715 1333 845 1394 itleo
890 1340 1082 1393 autem
1130 1350 1344 1411 paene,
1390 1332 1524 1410 quia
1564 1332 1949 1392 substantiam
1992 1337 2216 1392 tantum
2260 1331 2580 1408 significat,
2632 1350 2751 1391 non
2797 1338 2988 1390 tamen

404 1435 575 1496 etiam
618 1434 989 1512 qualitatem,
1033 1433 1325 1509 quomodo
1367 1452 1598 1494 nomen.
1653 1433 1842 1493 'bene
1880 1432 2056 1510 igitur
2097 1431 2363 1491 videntur
2402 1432 2614 1492 secisse
2648 1432 2745 1509 qui
2787 1450 2991 1492 caren·
3027 1445 3123 1498 136

340 1551 387 1591 ιο
408 1537 482 1596 tia
541 1536 811 1615 personis
870 1530 1079 1617 finilltis
1137 1543 1412 1613 separant
1457 1554 1487 1594 a
1543 1534 2019 1614 pronominibus;
2072 1552 2205 1593 nam
2250 1551 2575 1613 pronomen
2621 1533 2856 1613 proprie
2903 1540 2993 1593 est

404 1636 558 1715 quod
609 1656 711 1716 pro
771 1636 1008 1698 nomine
1060 1635 1297 1715 proprio
1353 1636 1611 1715 ponitur.
1701 1636 1896 1713 itaque
1940 1635 2072 1712 quia
2118 1634 2355 1713 propt-ia
2404 1635 2638 1694 nomina
2688 1634 2821 1714 plus
2863 1633 2991 1695 aliis

402 1738 676 1799 omnibus
719 1737 1055 1797 nominibus
1091 1736 1252 1797 finita
1289 1745 1426 1796 sunt
1469 1739 1713 1812 (certam
1761 1737 1914 1795 enim
1957 1755 2079 1796 retn
2117 1736 2367 1814 aliquam
2418 1735 2804 1813 significant),
2855 1755 2992 1816 pro·

403 1858 616 1901 nomen
661 1857 927 1917 quoque,
984 1838 1140 1914 quod
1198 1836 1329 1899 loco
1395 1838 1612 1917 proprii
1660 1837 1931 1897 nominis·
1960 1837 2271 1916 accipitur,
2319 1837 2494 1896 debet
2536 1836 2729 1898 finitas
2773 1837 2990 1898 babere

404 1950 708 2021 personas,
800 1948 936 2001 sunt
988 1940 1165 2017 igitur
1211 1939 1588 2018 pronomina,
1642 1940 1716 1999 tle
1761 1939 1974 2016 quibus
2015 1938 2169 1998 nulla
2211 1938 2493 1998 dubitatio
2531 1945 2651 2011 est,
2703 1937 2989 2017 primitiva

343 2063 393 2104 15
413 2042 645 2121 quidem
692 2042 913 2120 primae
955 2059 1244 2120 personae
1290 2057 1399 2117 ego
1444 2048 1501 2100 et
1546 2040 1765 2117 obliqui
1820 2059 1991 2099 casus
2038 2039 2297 2100 eiusdem
2343 2036 2734 2118 pronominis,
2782 2057 2991 2100 secun·

403 2147 512 2203 ‹lae
557 2152 652 2216 tu,
711 2142 915 2204 tertiae
972 2160 1107 2202 vero
1166 2161 1300 2211 sex,
1356 2141 1446 2201 sui
1489 2140 1584 2201 ille
1628 2141 1741 2201 iste
1786 2141 1883 2201 hic
1936 2141 1987 2201 is
2031 2141 2192 2219 ipse3
2239 2141 2545 2200 derivativa
2590 2140 2814 2219 primae
2858 2158 2993 2219 per-

405 2264 586 2305 sonae
641 2262 807 2304 meus
875 2251 1078 2303 noster
1134 2250 1398 2314 nostras,
1465 2243 1759 2302 secundae
1814 2251 1953 2303 tuus
2007 2250 2200 2303 vestet·
2252 2252 2507 2314 vestraS,
2567 2241 2769 2301 tertiae
2825 2260 2989 2303 suus.

403 2347 550 2407 haec
590 2355 706 2406 tatn
744 2344 898 2424 apud
939 2363 1050 2404 nos
1093 2362 1268 2421 quam
1313 2344 1466 2421 aputl
1500 2344 1756 2403 Graecos
1799 2343 2140 2422 pronomina
2178 2342 2251 2402 ab
2295 2342 2568 2403 omnibus
2604 2343 2987 2423 accipiuntur.

405 2458 596 2509 cetera
641 2466 808 2518 vero,
856 2464 1008 2524 quae
1053 2454 1193 2506 sunt
1235 2445 1457 2506 infinita
1500 2444 1584 2504 vel
1631 2444 2038 2522 interrogativa
2080 2444 2166 2504 vel
2203 2444 2436 2505 relativa
2490 2444 2855 2506 substantiae
2900 2444 2987 2506 vel
3030 2454 3125 2505 137

335 2567 387 2607 20
409 2549 701 2628 qualitatis
745 2547 829 2608 vel
877 2548 1216 2625 quantitatis
1262 2546 1346 2606 vel
1393 2546 1621 2607 numeri
1660 2580 1746 2590 ——
1785 2545 2145 2606 substantiae
2187 2545 2495 2606 infinitium
2542 2546 2629 2606 vel
2672 2546 2993 2626 interroga-

406 2651 580 2711 tivum
628 2649 799 2727 quis,
839 2649 1143 2709 relativum
1190 2649 1332 2726 qui;
1380 2646 1677 2724 qualitatis
1721 2647 2194 2736 interrogativum
2241 2648 2327 2708 vel
2375 2648 2665 2709 infinitum
2710 2648 2796 2709 vel
2843 2649 2993 2710 rela-

405 2753 588 2814 tivum·
629 2751 818 2829 qualis
867 2751 1182 2827 (signifieat
1239 2748 1392 2810 enim
1437 2753 1605 2820 ποῖος
1651 2749 2011 2829 paenultimo
2051 2749 2424 2812 circumflexo
2478 2757 2535 2810 et
2576 2745 2744 2822 ποιός
2790 2750 2992 2812 ultimo

403 2862 576 2912 acuto
636 2862 694 2912 et
742 2843 1004 2927 ὁποῖος),
1051 2851 1397 2911 redditivum
1439 2849 1598 2925 talis;
1647 2851 2004 2932 quantitafitis
2051 2851 2526 2928 interrogativum
2574 2851 2660 2911 vel
2703 2851 2993 2912 infinitum

400 2952 489 3013 vcl
533 2952 834 3013 relativum
882 2961 1136 3029 quantus
1190 2952 1505 3029 (significat
1570 2953 1723 3012 enitn
1783 2947 1964 3023 πόσος
2017 2952 2376 3031 paenultima
2433 2960 2644 3024 acuto,
2700 2951 2855 3029 quod
2901 2960 2994 3013 est

332 3066 384 3106 ²5
405 3053 904 3131 interrogativum,
953 3060 1012 3111 et
1051 3047 1231 3123 ποσός
1278 3052 1479 3113 ultimo
1523 3061 1726 3127 acuto,
1764 3055 1919 3132 quod
1968 3061 2059 3113 est
2095 3053 2414 3127 inlinitum,
2455 3061 2513 3114 et
2555 3043 2791 3127 ὁπόσος,
2834 3055 2991 3132 quod

569 3243 598 3290 7
633 3252 1005 3303 personamque
1048 3239 1297 3288 'tutet-dum
1337 3240 1517 3303 recipit
1551 3240 1592 3289 S
1757 3240 1791 3289 9
1826 3240 2062 3289 uidentur
2086 3240 2127 3289 S
2176 3240 2378 3290 uidetur
2407 3240 2491 3290 CG
2661 3240 2719 3289 ΙΟ
2750 3256 2863 3290 nam
2895 3258 2989 3292 om.

404 3311 488 3359 CG
630 3308 697 3357 20
733 3309 926 3356 numeri
959 3309 1124 3373 magis
1158 3308 1358 3357 uomina
1387 3308 1602 3356 (licenda
1641 3318 1758 3358 sunt
1792 3325 1940 3372 quam
1971 3311 2269 3373 pronomina
2306 3309 2424 3371 quia
2452 3325 2543 3373 per
2579 3324 2759 3359 nomen
2788 3310 2851 3359 de
2882 3311 2991 3360 sola

402 3379 681 3429 substantia
727 3378 778 3426 lit
819 3378 1147 3441 interrogatio
1184 3378 1226 3425 l,
1369 3378 1445 3425 uel
1487 3378 1906 3444 inte··rogatiutttn
1939 3390 1988 3429 ut
2028 3380 2139 3440 quis
2179 3379 2444 3427 relatiuam
2489 3379 2566 3427 uel
2605 3381 2909 3429 redditiuum
2938 3391 2992 3430 ut

403 3450 488 3513 qui
532 3448 786 3511 qualitatis
825 3447 1242 3511 ittterrogatiuttm
1283 3446 1361 3495 uel
1407 3447 1709 3496 intittitiuutu
1750 3451 1829 3498 uel
1869 3447 2133 3496 relatiuum
2174 3448 2337 3510 qualis
2377 3448 2625 3512 significat
2669 3450 2800 3498 enim
2836 3465 2994 3502 rtotoc

405 3518 681 3584 penultimo
708 3526 851 3564 acuto
879 3525 927 3563 et
960 3529 1105 3565 Potoc
1142 3516 1315 3564 ultimo
1341 3526 1487 3564 acuto
1516 3527 1564 3564 et
1592 3532 1780 3566 onetoc
1813 3518 2124 3567 redditiuum
2150 3518 2228 3565 uel
2263 3516 2523 3565 relatiuum
2554 3518 2665 3567 talis
2697 3520 2991 3582 quantitatis

403 3586 825 3650 interrogatiuutn
869 3586 948 3633 uel
990 3585 1238 3633 inlinitum
1272 3586 1349 3634 uel
1378 3584 1642 3633 relatiuum
1672 3596 1841 3635 tantus
1879 3588 2071 3635 numeri
2102 3586 2523 3650 iuterrogatiuum
2556 3588 2635 3635 ttel
2663 3587 2912 3637 inlinitum
2943 3600 2991 3638 et
3028 3642 3039 3653 .

403 3656 667 3704 relatiuum
705 3666 824 3718 quot
854 3654 1106 3718 siguificat
1145 3655 1278 3702 enim
1307 3668 1540 3704 rouococ
1577 3657 1854 3720 penultimo
1889 3667 2035 3704 acuto
2076 3665 2124 3704 et
2163 3656 2337 3704 ultimo
2378 3656 2509 3717 quod
2554 3667 2628 3705 est
2665 3656 2912 3705 inlinitum
2943 3670 2992 3707 et

402 3739 601 3774 onococ
642 3725 775 3785 quod
806 3734 880 3772 est
917 3723 1181 3771 relatiuum
1213 3723 1518 3772 redditittum
1553 3725 1629 3772 uel
1660 3725 1925 3773 relatiuum
1964 3735 2032 3775 tot
2075 3736 2242 3774 tantus
2272 3725 2463 3772 numeri
2495 3726 2914 3791 interrogatiuum
2942 3739 2990 3776 et

402 3794 652 3843 inlinitum
692 3802 740 3841 et
775 3793 1036 3841 relatiuum
1078 3802 1196 3853 quot
1235 3791 1489 3857 signifieat
1528 3795 1661 3841 enim
1699 3807 1866 3844 nocou
1904 3796 2177 3859 penultimo
2215 3806 2359 3843 acuto
2406 3803 2453 3841 et
2495 3794 2717 3842 ultimam
2750 3796 2884 3856 quod
2915 3807 2992 3846 est

401 3864 654 3912 inlinitum
683 3874 730 3911 et
756 3876 954 3912 orroeos
984 3862 1118 3923 quod
1143 3861 1410 3911 relatiuum
1439 3863 1742 3911 redditiuum
1770 3870 1842 3912 tot
1871 3863 2190 3911 diriuatiuunt
2221 3864 2550 3912 dirtuatiuum
2578 3864 2641 3912 ab
2666 3878 2725 3912 eo
2753 3864 2890 3925 quod
2916 3875 2992 3914 est

403 3932 516 3993 quis
546 3932 587 3981 C
616 3932 690 3979 uel
717 3931 1134 3994 interrogatiuum
1163 3941 1215 3979 ut
1248 3932 1363 3993 quis
1393 3931 1656 3980 relatiuuu·
1687 3943 1743 3981 ut
1774 3932 1859 3995 qui
1892 3933 2146 3994 qualitatis
2177 3932 2605 3997 interrogatiuum
2634 3933 2711 3981 uel
2738 3934 2991 3984 infinitum

402 4001 480 4050 uel
517 4001 781 4049 relatiuam
814 3999 977 4061 qualis
1004 3998 1259 4063 significat
1291 3999 1422 4048 enim
1455 4015 1610 4051 noioc
1638 4002 1914 4065 penultimo
1942 4012 2087 4050 acuto
2115 4000 2257 4060 (add.
2294 4006 2341 4050 in
2364 4017 2520 4065 naar-9.
2558 4012 2605 4050 et
2630 4017 2784 4052 ποιου
2817 4004 2991 4052 ultimo

401 4077 548 4119 acuto
582 4081 629 4117 et
668 4082 857 4118 ortomc
887 4068 1191 4117 redditiuunt
1230 4070 1343 4117 talis
1379 4069 1673 4130 quantitatis
1702 4071 2118 4134 iuterrogatiuunt
2148 4069 2395 4118 infinitum
2430 4071 2505 4119 uel
2535 4071 2801 4119 relatiuum
2831 4087 2989 4133 quan·

403 4150 484 4188 tus
523 4138 777 4203 siguificat
804 4136 935 4184 enirn
965 4150 1194 4187 Tortococ
1231 4138 1508 4201 penultimo
1545 4138 1722 4197 acuto)
1750 4139 1993 4201 quodest
2027 4137 2276 4187 infinitum
2314 4149 2361 4187 et
2399 4155 2523 4189 ococ
2552 4141 2685 4203 quod
2717 4151 2793 4189 cst
2822 4142 2991 4190 relati·

399 4208 519 4257 uum
549 4207 854 4256 redditiuum
899 4214 1068 4254 tantus
1108 4207 1303 4254 numeri
1340 4207 1758 4271 interrogatiuum
1803 4217 1851 4257 et.
1888 4207 2135 4255 inlinitum
2176 4217 2224 4255 et
2267 4208 2532 4257 relatiuum
2577 4220 2696 4271 quot
2736 4210 2991 4273 siguificat

400 4278 533 4325 enim
560 4290 728 4326 nocos
765 4284 928 4335 (corr.
968 4276 1164 4335 nococ)
1193 4275 1467 4339 penultimo
1511 4287 1656 4323 acuto
1695 4276 1830 4338 quoti
1861 4287 1935 4324 est
1970 4276 2217 4325 inlinitum
2248 4287 2295 4325 et
2322 4291 2522 4328 orroeon
2554 4279 2689 4340 quod
2718 4290 2792 4326 est
2822 4279 2989 4327 relati-

399 4362 519 4394 utun
560 4345 862 4394 redditiuum
907 4353 976 4392 tot
1012 4344 1295 4392 diriuautur
1330 4344 1392 4392 ab
1426 4358 1485 4393 eo
1528 4344 1664 4406 quod
1696 4356 1769 4396 est
1811 4347 1926 4407 quis
1956 4348 1997 4395 (ι’
2038 4346 2115 4392 uel
2145 4346 2401 4406 qualitatis
2428 4347 2846 4412 interrogatiuum
2876 4349 2990 4411 quis

400 4415 668 4464 relatiuum
717 4413 802 4475 qui
843 4413 1263 4477 interrogatiuum
1302 4413 1381 4461 uel
1435 4413 1686 4461 inlinitum
1738 4415 1813 4463 uel
1858 4415 2122 4463 relatiuam
2163 4415 2326 4476 qualis
2364 4415 2620 4479 significat
2658 4417 2791 4464 euim
2834 4431 2991 4467 notoc

397 4485 674 4550 penultimo
712 4493 858 4531 acuto
898 4496 1016 4541 (step
1063 4497 1167 4530 srr.
1205 4482 1653 4546 interrogatiuum)
1690 4495 1736 4533 et
1774 4496 1932 4532 rtetoc
1965 4484 2138 4533 ultimo
2164 4494 2311 4532 acuto
2338 4493 2475 4543 (sup.
2504 4499 2605 4532 scr.
2636 4485 2911 4549 infinitum)
2941 4496 2990 4535 et

399 4567 591 4602 onotoc
626 4553 762 4614 (sup.
783 4568 886 4600 scr.
920 4552 1213 4609 relatiuum)
1241 4555 1352 4600 eius
1381 4552 1683 4601 retltlitiuum
1720 4553 1831 4601 talis
1858 4553 2153 4614 quantitatis
2178 4553 2595 4618 interrogatiuum
2623 4556 2701 4602 uel
2737 4557 2987 4604 inlinitum

399 4623 476 4671 uel
510 4622 776 4671 relatiutun
810 4630 1030 4683 quantus
1057 4621 1311 4686 siguificat
1346 4622 1478 4668 euim
1509 4635 1739 4672 ronococ
1769 4622 2044 4686 penultimo
2074 4632 2220 4669 acuto
2245 4629 2379 4682 (sup.
2407 4639 2510 4671 scr.
2540 4625 2671 4684 quod
2706 4636 2803 4677 est)
2834 4626 2989 4672 inter·

399 4691 687 4755 rogatiuttm
717 4690 891 4739 ultimo
923 4700 1068 4739 acuto
1107 4703 1274 4740 nococ
1312 4690 1445 4753 quoti
1487 4697 1562 4737 est
1590 4691 1840 4740 inlinitum
1866 4700 1913 4737 et
1944 4689 2362 4740 onnon-latinum
2403 4692 2710 4741 redtlitiuunt
2738 4694 2847 4741 eius
2876 4703 2986 4741 tan-

398 4771 478 4809 tus
517 4760 710 4808 numeri
751 4760 1170 4823 iuterrogatiuum
1211 4770 1258 4808 et
1297 4759 1544 4808 inlinitum
1583 4771 1631 4809 et
1660 4760 1930 4808 relatiuutn
1958 4770 2078 4822 quot
2112 4760 2362 4824 siguificat
2391 4763 2683 4810 enim-lm·
2710 4762 2988 4825 penultimo

397 4836 608 4877 accentu
645 4834 796 4876 acuto
833 4841 989 4876 nocot
1029 4827 1165 4889 quod
1204 4837 1280 4876 est
1311 4829 1576 4877 relatiuum
1613 4828 1921 4878 retlditiuunt
1961 4830 2068 4876 eius
2111 4839 2182 4879 tot
2219 4829 2505 4880 din-ineantur
2540 4831 2604 4880 ab
2635 4845 2694 4879 eo
2735 4832 2868 4894 quod
2913 4842 2990 4881 est

399 4898 512 4960 quis
540 4899 580 4946 S
688 4897 753 4944 22
790 4896 1136 4960 circumflexo]
1171 4898 1241 4958 of.
1277 4912 1329 4958 p.
1353 4899 1470 4957 501,
1517 4899 1579 4949 19
2600 4902 2607 4909 ’
