3576 5595
1324 418 1549 478 LIBER
1610 418 1766 478 xtnl
1811 428 2002 483 7--11
2880 415 2960 477 29

480 548 520 587 p.
551 535 640 576 979.
672 536 723 575 so
751 536 793 576 ι·.
2543 546 2582 585 μ.
2611 534 2698 575 affl.
2726 533 2776 572 ss
2807 532 2858 574 κ.

378 606 703 685 positiones
744 605 962 665 habere
1009 603 1213 665 nolunt
1255 624 1361 685 per
1391 624 1455 664 se
1501 604 1794 684 prolatae,
1847 604 2114 664 adverbia
2163 622 2300 664 vero
2343 603 2576 663 liabent.
2668 611 2726 663 et
2773 604 2963 684 plera-

378 727 493 786 que
526 726 727 768 eorum
773 707 1046 786 componi
1096 726 1212 766 nou
1271 716 1549 785 possunt,
1616 724 1821 766 omnes
1866 714 2057 765 autem
2115 705 2581 785 praepositiones
2627 706 2781 786 apud
2831 704 2962 765 illos

379 818 437 869 et
476 810 750 890 componi
797 818 855 868 et
898 808 1111 888 apponi
1172 808 1382 868 solent.
1470 815 1771 887 praeterea
1833 808 2008 884 haec,
2065 824 2214 884 quae
2260 808 2643 868 certissimam
2702 808 2961 868 locorum

378 912 595 971 liabent
645 910 1126 989 significationem
1175 911 1348 970 etiam
1393 928 1500 989 per
1543 927 1607 969 se
1666 909 1888 988 posita,
1948 918 2196 987 possunt
2247 909 2400 987 apud
2446 909 2686 969 Latinos
2729 927 2962 989 quoque

326 1038 349 1075 5
380 1014 507 1073 sine
565 1012 900 1089 casualibus
959 1012 1236 1092 proferri,
1295 1010 1448 1089 quod
1503 1008 1800 1071 rarissime
1869 1011 2088 1090 patitur
2141 1010 2513 1090 praepositio.
2605 1010 2961 1087 Virgilius

381 1114 438 1174 in
487 1114 548 1176 11
602 1114 1008 1175 Aeneidos:

686 1216 878 1276 Pone
924 1215 1132 1277 subit
1179 1214 1537 1287 coniunx,
1583 1214 1894 1275 ferimur
1929 1233 2061 1293 per
2102 1232 2340 1293 opaca
2374 1212 2729 1275 locorum.

546 1317 925 1378 Inveniuntur
954 1318 1131 1395 igitur
1153 1315 1307 1396 apud
1345 1316 1585 1376 Latinos
1619 1316 1676 1376 in
1714 1315 2249 1395 praepositionibus
2280 1314 2389 1374 tria
2428 1316 2718 1376 contraria
2754 1315 2958 1377 obser-

378 1419 590 1478 vationi
620 1419 996 1491 Graecorum,
1025 1418 1181 1495 quod
1209 1426 1404 1478 certae
1440 1425 1577 1477 sunt
1606 1417 2049 1494 significationis
2080 1417 2364 1493 quaedam
2390 1417 2877 1497 praepositioneS,
2902 1426 2965 1477 ut

304 1522 591 1599 m‘apud,
640 1539 806 1599 erga,
854 1521 1040 1594 circa,
1099 1519 1309 1593 inter',
1366 1527 1425 1579 et
1476 1519 1631 1596 quod
1678 1519 1960 1595 quaedam
2005 1536 2319 1596 numquam
2381 1527 2845 1599 componuntur,
2903 1528 2962 1579 ut

380 1641 482 1682 eae
530 1623 723 1702 ipsae,
770 1624 1055 1700 quaedam
1103 1639 1419 1699 numquam
1466 1628 1847 1700 separantur,
1897 1627 1960 1679 ut
2004 1624 2171 1692 ξιεοιι,
2219 1639 2314 1693 re,
2362 1619 2454 1693 di,
2500 1621 2636 1681 dis’.

483 1789 497 1799 ,
554 1724 718 1785 Nulla
780 1725 1134 1804 praepositio
1195 1723 1365 1783 habet
1410 1722 1864 1801 aspirationem,
1927 1723 2080 1783 sicut
2138 1741 2248 1781 nec
2294 1720 2663 1795 coniunctio,
2720 1740 2851 1782 cum
2904 1722 2963 1782 in

382 1826 508 1887 aliis
554 1846 653 1886 sex
697 1826 961 1905 partibus
1007 1826 1285 1886 orationis
1337 1832 1505 1897 sunt,
1552 1842 1701 1902 quae
1764 1824 2016 1885 habeant
2081 1824 2529 1903 aspirationem,
2589 1832 2757 1897 sunt,
2815 1841 2965 1901 quae

384 1947 499 1988 non
544 1926 828 2001 habeant,
877 1936 939 1988 ut
986 1928 1183 2001 ‘hara,
1229 1927 1448 2000 liabeo,
1493 1925 1751 1999 liabens,
1797 1927 1922 1999 liic,
1968 1928 2112 1998 huc,
2161 1927 2320 1986 heu’.

309 2056 354 2095 ιτ.
554 2030 870 2089 Rarissime
908 2029 1059 2108 apud
1089 2048 1323 2108 prosam
1356 2026 1682 2088 scribentes
1737 2025 2133 2109 praepolstere
2165 2030 2542 2107 proferuntur
2579 2027 2967 2107 praepositio—

383 2151 523 2203 neS,
578 2130 1009 2210 monosyllabae
1067 2149 1202 2190 vero
1261 2130 1434 2190 etiam
1503 2130 1657 2209 apud
1712 2139 1920 2210 poetas
1970 2129 2205 2190 difficile
2259 2137 2488 2189 mutant
2541 2129 2840 2200 ordinem,
2904 2139 2965 2191 ut

383 2233 534 2314 apud
577 2232 1009 2293 Terentium
1058 2232 1115 2292 in
1161 2232 1477 2293 Andria:

2038 2333 2055 2393 i
2103 2352 2309 2413 prae,
2357 2351 2659 2410 sequor,

382 2437 492 2497 nisi
539 2434 745 2496 ‘'cum'.
838 2454 905 2495 ea
951 2435 1104 2495 enini
1157 2436 1284 2496 sola
1343 2443 1459 2496 tam
1529 2436 1684 2515 apud
1749 2442 1954 2515 poetas
2027 2453 2200 2512 quam
2263 2433 2418 2513 apud
2475 2433 2731 2513 reliquos
2798 2452 2966 2514 prae·

305 2563 355 2602 eo
385 2546 617 2618 postere
662 2555 796 2597 cum
843 2536 1290 2615 pronominibus
1330 2537 1594 2616 ponitur,
1650 2546 1713 2597 ut
1756 2537 1977 2598 dictum
2035 2545 2154 2610 est,
2216 2536 2342 2595 bis:
2403 2537 2690 2609 ξιιιιιοιιιῐι,
2751 2544 2965 2608 tecum,

381 2659 612 2710 secum,
659 2638 999 2709 nobiscum,
1047 2636 1392 2713 vobiscnm',
1454 2657 1564 2699 nec
1607 2659 1725 2699 non
1772 2639 1946 2699 etiam
1993 2641 2300 2716 ‘quocum,
2363 2638 2632 2716 quicum,
2692 2654 2964 2714 quacum,

380 2741 774 2819 quibuscutn'.
865 2740 1091 2801 mediae
1137 2758 1370 2819 quoque
1416 2749 1748 2821 ponuntur,
1791 2749 1850 2801 ut
1899 2744 2034 2819 ‘qua
2074 2740 2146 2800 de
2190 2759 2281 2814 re,
2323 2743 2496 2819 quani
2529 2738 2604 2799 ob
2634 2757 2779 2813 rem,
2820 2758 2966 2819 quas

382 2844 457 2902 ob
507 2862 621 2915 res,
670 2861 781 2920 qua
816 2843 874 2903 in
922 2848 1131 2923 parte’.

552 2945 671 3003 Nec
720 2964 835 3004 non
896 2944 1116 3005 habent
1165 2946 1453 3022 quandam
1514 2946 1920 3023 cognationem
1976 2964 2111 3006 cum
2162 2944 2452 3005 adverbiis
2506 2943 2788 3004 localibus
2842 2944 2967 3024 ple-

306 3070 356 3108 ·25
386 3044 667 3126 rumllque
714 3047 1209 3124 praepositiones,
1272 3056 1335 3106 ut
1378 3048 1492 3106 ‘inz
1550 3047 1621 3106 ad
1656 3046 1872 3106 locum'
1919 3054 1976 3106 et
2019 3047 2103 3107 ‘in
2157 3047 2332 3120 loco’,
2378 3051 2460 3107 ‘a'
2510 3054 2570 3105 et
2612 3045 2734 3105 ‘ab'
2783 3053 2841 3104 et
2882 3049 2965 3104 ‘e’

333 3200 348 3213 ,
384 3156 440 3206 et
485 3150 632 3206 ‘ex':
693 3147 790 3206 ‘de
835 3146 1008 3207 Ioco’.
1109 3147 1437 3223 (sciendum
1495 3156 1721 3221 tamen,
1781 3147 1938 3226 quod
2003 3148 2157 3208 nulla
2213 3148 2323 3209 alia
2379 3167 2515 3227 pars
2574 3148 2634 3207 in
2673 3167 2708 3206 x
2752 3146 2962 3208 desinit

384 3249 537 3327 apud
576 3249 814 3308 Latinos
859 3249 972 3309 nisi
1022 3250 1256 3309 nomina
1304 3259 1362 3308 et
1404 3251 1520 3309 ‘ex’
1572 3250 1959 3329 praepositio,
2011 3268 2161 3327 quae
2192 3251 2411 3310 Graeca
2451 3259 2570 3324 est,
2619 3259 2678 3309 et
2721 3251 2860 3309 ‘vix'
2910 3260 2967 3309 et

382 3352 563 3410 ‘mox'
608 3358 665 3409 et
711 3353 871 3429 ‘pax’
918 3350 1251 3410 adverbium
1282 3351 1592 3424 comicum,
1630 3369 1746 3428 quo
1792 3352 1974 3412 utitur
2012 3352 2451 3424 TerentiuS,
2496 3351 2652 3429 quod
2696 3350 2965 3432 similiter

385 3451 670 3512 Graecum
714 3458 850 3523 est.)

306 3575 356 3616 ³0
556 3556 705 3614 Sunt
746 3572 898 3631 quae
949 3553 1006 3614 in
1047 3554 1472 3633 compositione
1518 3554 1819 3615 elisionem
1855 3556 2187 3634 patiuntur,
2234 3565 2299 3616 ut
2341 3557 2504 3615 ‘con'
2551 3563 2833 3632 sequente
2869 3575 2968 3616 vo-

382 3656 522 3716 cali:
568 3657 770 3727 ‘cot-0,
819 3675 1107 3732 coarguo,
1155 3664 1386 3728 coarto,
1444 3656 1763 3728 cobaereo‚
1823 3659 2130 3734 coaequo’.
2221 3665 2421 3717 contra
2477 3658 2634 3736 ‘pro'
2684 3664 2966 3734 sequente

520 3826 553 3876 3
586 3836 634 3875 et
669 3827 902 3891 componi
954 3828 1005 3873 in
1041 3841 1139 3888 my.
1173 3826 1295 3873 add.
1340 3826 1392 3874 K
1567 3828 1599 3875 5
1636 3827 1898 3875 rarissimo
1933 3827 2037 3876 RK
2072 3835 2123 3875 et
2160 3842 2229 3874 ecc
2264 3827 2523 3876 rarissime
2557 3843 2695 3880 corr.
2731 3829 2774 3876 G
2913 3836 2968 3875 ut

382 3896 523 3959 uirgl
557 3897 652 3945 BD
802 3897 958 3959 Vei-9.
999 3896 1126 3946 Aen.
1173 3896 1209 3944 ΙΙ
1251 3896 1351 3943 725
1493 3895 1527 3944 6
1559 3896 1617 3946 U.
1658 3899 1699 3946 G
1841 3899 1873 3946 7
1900 3897 2058 3946 subiit
2090 3898 2133 3944 G
2252 3895 2492 3961 coniunx]
2534 3914 2564 3944 ι·
2593 3899 2780 3946 coniux
2817 3897 2862 3945 R
2897 3933 2906 3940 .

382 3969 414 4015 ὃ
451 3975 557 4012 trea
599 3965 642 4014 G
797 3967 831 4012 a
868 3965 1261 4030 significationis
1297 3981 1368 4013 ea*
1413 3967 1816 4028 significationes
1850 3981 1983 4014 corr.
2021 3967 2069 4013 D
2236 3963 2299 4013 10
2334 3966 2462 4013 iuter
2499 3982 2589 4014 om.
2628 3967 2681 4016 K
2830 3966 2967 4028 qttod

383 4051 471 4086 οηι.
516 4035 563 4082 Β
595 4037 716 4083 add.
752 4034 781 4082 b
924 4045 977 4084 ut
1009 4034 1105 4083 hae
1140 4036 1251 4099 ipse
1288 4035 1339 4083 B
1486 4035 1545 4084 13
1585 4036 1830 4084 orationis
1868 4051 1959 4083 om.
1996 4035 2088 4085 GL
2230 4033 2416 4083 habent
2451 4037 2509 4084 H
2687 4034 2747 4085 14
2786 4044 2840 4083 ιιι
2869 4052 2962 4085 om.

384 4105 426 4152 G
600 4120 687 4152 ara
742 4104 792 4152 B
863 4121 875 4130 ·
980 4104 1043 4154 15
1108 4119 1258 4168 prosa
1301 4103 1449 4153 GLK
1501 4119 1680 4168 prosas
1722 4121 1757 4168 9
1944 4113 2304 4169 praeposterae
2361 4107 2438 4155 Ru·
2535 4109 2550 4118 '
2626 4106 2966 4168 praepositio·

384 4172 495 4237 nes]
534 4191 563 4220 r
601 4175 974 4238 propositiones
1011 4175 1053 4224 lt
1200 4173 1261 4223 16
1299 4175 1450 4222 etiam
1488 4175 1609 4223 add.
1645 4176 1682 4221 cl
1819 4174 2038 4223 difficele
2070 4176 2117 4224 L
2257 4174 2317 4224 17
2365 4175 2481 4225 Ter.
2511 4175 2679 4223 Andr.
2724 4174 2739 4221 l
2785 4175 2827 4234 l,
2869 4173 2965 4232 143

1038 4252 1233 4292 pruno-l·

383 4295 476 4356 (cf.
517 4309 628 4346 eun.
664 4294 707 4341 V
744 4295 795 4346 2.
825 4294 919 4355 69)
1025 4295 1205 4342 andria
1244 4308 1525 4358 prosequor
1559 4297 1677 4359 (pro
1714 4295 1763 4342 in
1799 4308 1921 4358 prae
1957 4303 2074 4344 mut.
2108 4296 2164 4356 d)
2207 4296 2296 4344 od
2403 4294 2466 4344 18
2497 4291 2535 4358 i]
2579 4305 2633 4343 ut
2668 4296 2858 4344 dictum
2890 4306 2965 4344 est

383 4364 533 4413 GLK
639 4378 760 4428 prae
798 4366 873 4413 Ην·
973 4380 1095 4429 prae
1133 4362 1341 4428 sequor]
1382 4378 1663 4428 persequor
1698 4363 1784 4413 Bk
1885 4380 2069 4427 sequor
2106 4368 2254 4413 etiam
2289 4365 2418 4414 Bas.
2458 4380 2643 4427 sequar
2676 4366 2756 4415 lib.
2795 4364 2965 4415 XVIII

379 4436 410 4495 S
444 4435 548 4482 265
585 4443 632 4482 et
663 4437 736 4482 sic
771 4425 1051 4482 ‘meliores’
1082 4449 1151 4482 ex
1183 4434 1332 4483 codd.
1375 4433 1536 4483 Bentl.
1696 4433 1758 4482 19
1796 4432 1878 4498 ea]
1915 4435 2046 4483 Haec
2087 4433 2135 4484 B
2275 4432 2403 4498 sola]
2445 4434 2482 4482 d
2516 4434 2759 4483 solaieum
2795 4436 2843 4482 D

1969 4513 1993 4539 8

380 4556 449 4604 20
482 4551 697 4617 dictum]
739 4554 927 4603 dictum
969 4563 1073 4602 tum
1112 4554 1157 4603 R
1194 4555 1508 4617 praedictum
1548 4555 1598 4603 B
1734 4555 1804 4604 24
1841 4556 2180 4619 cognitionem
2218 4556 2346 4606 ser-D
2486 4556 2749 4605 locabibus
2781 4555 2830 4602 L

380 4625 447 4672 ⁶25
486 4638 515 4669 a
551 4624 674 4672 add.
715 4623 752 4671 d
907 4641 933 4670 e
971 4639 1033 4671 ex
1071 4625 1134 4671 de
1171 4625 1229 4673 H
1382 4624 1449 4673 26
1486 4632 1651 4672 tamen
1686 4638 1780 4674 om.
1826 4625 1868 4673 11
2022 4640 2142 4689 pars
2179 4641 2250 4674 ex
2283 4640 2400 4690 pras
2432 4639 2568 4674 corr.
2611 4627 2657 4674 D
2815 4624 2880 4673 27
2918 4634 2968 4674 et

384 4690 525 4756 mox]
566 4692 623 4739 rle
662 4708 736 4740 om
793 4692 1099 4743 RBHGLK
1249 4693 1317 4743 28
1356 4709 1478 4758 pax.
1522 4708 1810 4743 nAN'rEAm'..
1851 4696 2149 4743 atum-bium
2193 4696 2240 4744 B
2401 4696 2596 4744 Terent.
2647 4694 2963 4747 heautontim.

384 4762 424 4809 ll
459 4760 509 4816 3.
547 4762 632 4810 50.
677 4763 763 4810 llll
805 4761 856 4821 3,
895 4761 964 4812 39
1114 4761 1277 4820 simut
1314 4765 1369 4812 H
1539 4761 1608 4812 30
1644 4763 1921 4828 elesionem
1951 4780 1986 4826 9
2161 4763 2222 4813 31
2266 4774 2320 4813 ιιι
2355 4780 2478 4814 coeo
2517 4766 2554 4813 d
2700 4757 2886 4828 coargo
2926 4764 2970 4813 G

520 4831 728 4882 coliarto
759 4833 810 4881 K
952 4828 1222 4894 eoliae-reo]
1255 4847 1290 4895 9
1327 4831 1562 4880 cohaerio
1598 4835 1639 4883 G
1759 4849 1986 4896 coaequo
2020 4850 2090 4881 ear
2128 4849 2291 4896 aequo
2326 4848 2466 4882 corr.
2504 4834 2547 4882 G
2583 4847 2883 4896 quoaeqvquo
2921 4834 2968 4884 R

453 4913 544 4962 pro
579 4911 920 4963 consequente
951 4902 1055 4951 LK
2223 4901 2226 4908 ’

3001 1321 3065 1370 10

3005 3162 3061 3211 11
