3576 5595
581 406 707 469 486
1691 406 2055 469 PntsctANt

687 536 730 577 p.
762 525 873 566 1249.
900 525 952 564 so
981 525 1028 565 r.
2744 535 2787 575 ρ.
2818 522 2906 562 ato.
2936 521 2986 561 ω
3014 520 3068 561 κ.

585 614 1000 676 personarum,
1057 603 1122 655 ut
1176 603 1365 656 statur
1418 595 1657 655 sedetur
1709 600 1939 655 amatur
1981 595 2304 672 quiescitur
2341 594 2474 654 itur.
2565 602 2808 673 excepta
2855 612 2992 653 vero
3035 600 3173 653 sunt

509 743 516 752 .
584 697 860 774 contingo
918 695 1232 774 contingit,
1291 696 1493 775 placeo
1551 681 1771 775 placet,
1830 695 2031 755 evenio
2086 696 2307 768 evenit,
2363 713 2503 755 vaco
2556 703 2758 768 vacat,
2817 695 2950 757 iuvo
2995 694 3171 768 iuvat,

582 798 642 858 in
693 798 907 876 quibus
952 797 1157 858 tertiae
1218 798 1438 857 activae
1492 814 1781 876 personae
1839 795 1925 855 vel
1983 795 2232 856 neutrali
2287 796 2497 857 similia
2559 804 2694 857 sunt
2736 794 3168 875 impersonalia.

455 900 550 955 116
586 918 721 961 nam
770 900 1027 982 paenitet
1072 898 1264 959 taedet
1308 899 1460 977 piget
1517 898 1698 977 pudet
1740 898 1878 958 licet
1932 897 2070 957 libet
2117 898 2360 977 positiva
2404 906 2571 969 sunt,
2619 897 2881 976 quamvis
2921 897 3076 957 libeo
3115 906 3175 957 et

584 1001 732 1062 liceo
775 1001 1040 1076 dicatur3
1089 1000 1193 1061 sed
1240 999 1479 1060 alterius
1520 1010 1657 1060 sunt
1703 998 2165 1076 significationis.
2256 999 2408 1060 libeo
2459 999 2613 1059 enim
2657 989 2721 1056 τὸ
2758 997 3170 1074 πελιδνοῦμαι,
3216 1011 3243 1050 s

585 1102 735 1163 liceo
777 1102 862 1162 vel
903 1101 1086 1162 liceor
1144 1091 1595 1179 ὖπερθεματίζω
1631 1100 1937 1176 significat.
2029 1099 2416 1176 antiquissimi
2463 1109 2655 1160 tamen
2700 1105 2759 1158 et
2803 1101 3073 1179 paeniteo
3114 1108 3174 1160 et

584 1203 779 1282 pudeo
824 1212 881 1263 et
928 1204 1100 1282 pigeo
1136 1211 1194 1263 et
1238 1203 1488 1264 misereo
1528 1201 1819 1262 dicebant.
1912 1220 2126 1261 nomen
2161 1200 2388 1261 verbale
2434 1201 2521 1261 vel
2562 1201 2923 1280 participiale
2964 1201 3174 1262 landus

586 1304 757 1365 sanda
802 1304 1059 1365 landum.
1148 1304 1426 1385 pleraque
1466 1304 1622 1365 enim
1668 1302 1840 1363 verba
1887 1302 2061 1363 etiam
2107 1303 2155 1362 si
2203 1303 2502 1382 participia
2547 1304 2736 1362 sutura
2782 1304 3012 1381 passiva
3057 1322 3173 1363 non

584 1405 832 1478 habent,
895 1406 1131 1466 nomina
1187 1415 1382 1467 tamen
1443 1407 1661 1466 formae
1731 1404 2135 1466 huiuscemodi
2194 1404 2471 1482 pleraque
2519 1404 2734 1463 habere
2782 1402 3173 1465 inveniuntur.

585 1506 879 1586 praeteriti
930 1524 1163 1584 quoque
1204 1506 1480 1587 pleraque
1524 1507 1829 1586 participia
1876 1505 1935 1566 in
1984 1516 2079 1565 tus
2124 1504 2400 1564 desinunt
2429 1513 2486 1564 et
2530 1514 2756 1565 mutant
2802 1506 2960 1566 usin
3001 1524 3069 1565 or
3113 1514 3244 1566 etto

586 1608 809 1669 faciunt
865 1626 1080 1668 nomen
1128 1609 1386 1682 verbale,
1443 1619 1505 1670 ut
1563 1617 1791 1668 amatus
1840 1614 2097 1679 amator,
2154 1607 2363 1667 doctus
2418 1607 2657 1680 doctor,
2714 1607 2905 1667 lectus
2970 1606 3173 1679 lector,

585 1710 846 1771 munitus
906 1709 1177 1770 munitor.
1268 1711 1351 1770 sic
1417 1730 1557 1788 ergo
1624 1712 1777 1771 satus
1833 1710 1983 1769 sator
2041 1727 2356 1786 possumus
2414 1708 2626 1768 dicere.
2716 1708 2934 1785 antiqui
2982 1716 3174 1768 tamen

586 1811 762 1872 etiam
821 1810 1049 1890 passive
1104 1812 1479 1888 proferebant
1537 1814 1690 1873 satus
1749 1830 1859 1891 pro
1914 1810 2106 1870 dictus
2154 1810 2434 1870 dieentes·
2527 1809 2681 1871 unde
2728 1811 2911 1870 satum
2953 1808 3174 1870 dictum

587 1922 645 1973 et
689 1913 915 1974 iussum
960 1911 1071 1972 dei.
1162 1913 1217 1972 id
1265 1914 1418 1973 enim
1467 1932 1599 1974 esse
1647 1913 1784 1973 dicit
1828 1912 2048 1973 Plato
2094 1913 2306 1983 satum,
2354 1911 2704 1971 voluntatem
2751 1921 2811 1971 et
2854 1911 3174 1972 iussionem

462 2022 553 2073 117
586 2014 700 2074 dei.
790 2013 906 2073 Fac
949 2015 1340 2093 compositum
1382 2015 1455 2075 ab
1501 2034 1572 2074 eo
1616 2014 1771 2091 qnod
1818 2011 1908 2074 est
1954 2015 2059 2075 l'or.
2126 2012 2306 2073 Adfor
2347 2013 2564 2074 adsaris
2610 2013 2867 2085 adfatur,
2916 2020 2980 2073 ut
3018 2012 3173 2092 apud
3199 2024 3246 2064 ⁸⁵

586 2115 976 2194 Virgilium
1025 2116 1084 2175 in
1130 2117 1388 2177 secundo
1440 2116 1813 2206 Aeneidos
2554 2191 2560 2196 .

891 2216 1345 2293 adfaturque
1385 2219 1394 2294 Ι
1432 2216 1608 2279 deos
1656 2226 1723 2277 et
1769 2224 2102 2276 sanctum
2146 2215 2347 2275 sidus
2393 2215 2680 2275 adorat.

587 2326 645 2378 et
696 2318 1035 2389 sciendum,
1077 2318 1231 2394 quod
1277 2319 1575 2378 rarissime
1615 2317 1898 2396 simplicis
1944 2316 2129 2396 prima
2175 2335 2426 2396 persona
2473 2316 2765 2377 invenitur
2809 2318 2867 2378 in
2907 2337 3017 2378 usu
3063 2319 3172 2391 sor,

587 2419 882 2497 quomodo
928 2426 986 2478 et
1016 2415 1045 2500 Η
1072 2418 1197 2479 dor.
1287 2419 1412 2498 ipsa
1460 2438 1555 2479 res
1604 2420 1756 2479 satus
1802 2428 1858 2478 et
1904 2419 2042 2477 satio
2090 2426 2148 2477 et
2206 2419 2405 2478 satum.
2498 2417 2632 2478 inde
2678 2427 2885 2498 putant
2940 2420 3174 2497 quidam

588 2520 762 2580 etiam
814 2521 903 2581 l'as
953 2528 1010 2580 et
1065 2522 1230 2582 nel'as
1274 2521 1497 2581 dictum
1541 2539 1673 2581 esse
1700 2567 1716 2593 ‚
1760 2520 1916 2597 quod
1964 2520 2179 2579 iustum
2226 2527 2314 2579 est
2359 2520 2471 2579 dici
2518 2519 2603 2579 vel
2649 2520 2848 2580 taceri.
2940 2541 3007 2582 ex
3053 2533 3244 2600 quo2⁰

589 2622 720 2681 fasti
776 2631 836 2681 et
892 2623 1101 2682 nefasti
1155 2622 1281 2683 dies
1341 2632 1399 2682 et
1457 2622 1589 2682 fasti
1634 2614 1704 2680 τὰ
1754 2609 2123 2699 ἧμερολόγια.
2217 2622 2336 2680 Cur
2383 2621 2752 2700 participium
2800 2623 2976 2684 huius
3016 2624 3174 2685 verbi

589 2724 903 2804 praeterito
944 2731 1208 2804 tempore
1248 2743 1277 2784 a
1320 2723 1495 2784 habet
1528 2732 1664 2783 ante
1710 2722 1853 2783 tus?
1899 2722 2045 2793 Quia
2094 2721 2286 2781 omnia
2320 2740 2470 2800 qnae
2510 2722 2570 2781 in
2609 2724 2696 2782 avi
2744 2725 2965 2785 faciunt
3006 2744 3176 2805 prae·

590 2826 823 2886 teritum
869 2827 929 2886 in
975 2827 1176 2887 activis
1223 2835 1280 2887 et
1324 2827 1516 2887 omnia
1565 2825 1896 2885 communia
1951 2824 2034 2883 vel
2083 2824 2431 2902 deponentia
2483 2824 2701 2903 primae
2747 2828 3175 2903 coniugationis

588 2927 647 2988 in
693 2937 854 3000 atus„
895 2948 924 2988 a
959 2929 1313 3008 paenultima
1353 2928 1670 3008 producta,
1716 2927 2013 3005 praeteriti
2054 2926 2424 3005 participium
2457 2926 2697 3000 faciunt,
2731 2936 2793 2987 ut
2824 2946 2957 2987 amo
2988 2929 3171 2989 amavi

588 3038 846 3102 amatuS‚
896 3049 1110 3091 accuso
1142 3030 1408 3090 accusavi
1455 3038 1800 3102 accusatus,
1848 3028 2084 3088 osculor
2119 3028 2448 3101 osculatuS‚
2491 3029 2770 3089 criminor
2810 3030 3245 3103 criminatus,²⁵

587 3148 765 3208 vagor
807 3139 1045 3209 vagatus
1071 3178 1087 3204 ‚
1131 3131 1321 3193 luctor
1365 3130 1637 3205 luctatus,
2784 3142 2789 3147 ’

462 3248 555 3298 ιι8
759 3233 1191 3294 Lacrimans
1236 3250 1386 3309 qnae
1433 3252 1567 3312 pars
1617 3231 1899 3293 orationis
1941 3230 2073 3290 est?
2120 3231 2515 3311 participium.
2606 3232 2755 3302 Quid
2803 3241 2893 3292 est
2938 3233 3175 3311 partici-

589 3332 790 3413 pium?
828 3334 968 3395 Pars
1012 3335 1294 3395 orationis
1343 3344 1566 3414 partem
1612 3334 1851 3413 capiens
1888 3332 2143 3393 nominis
2186 3341 2530 3412 partemque
2571 3333 2747 3393 verbi.
2822 3334 2979 3403 Quot
3018 3335 3175 3395 acci-

587 3434 733 3495 dunt
798 3434 1148 3515 participio?
1231 3437 1490 3514 Septem.
1576 3433 1781 3506 Quae?
1869 3435 2067 3495 Genus
2127 3453 2408 3495 numerus
2462 3437 2645 3511 figura
2703 3453 2875 3496 casus
2928 3443 3173 3515 tempus

586 3536 933 3614 significatio
973 3538 1175 3597 forma.
1269 3536 1448 3598 Cuius
1494 3545 1583 3597 est
1629 3534 1904 3613 generis?
1971 3537 2313 3595 Communis
2367 3537 2537 3596 trium
2583 3555 2883 3614 generum.
2975 3539 3241 3599 omniaso

587 3640 740 3698 enim
790 3638 1093 3717 participia
1140 3639 1470 3718 praesentia
1528 3639 1700 3698 trium
1743 3655 2024 3715 generum
2078 3645 2218 3697 sunt
2261 3647 2319 3697 et
2356 3637 2412 3697 in
2453 3638 2599 3697 duas
2645 3638 2921 3699 desinunt
2964 3659 3174 3699 conso-

589 3748 817 3813 nantes,
868 3758 902 3799 n
951 3748 1007 3799 et
1064 3761 1112 3801 s.
1206 3760 1337 3800 nam
1398 3740 1507 3800 etsi
1573 3739 1917 3800 naturaliter
1974 3740 2258 3816 quaedam
2317 3739 2489 3799 verba
2544 3739 2614 3798 ad
2671 3740 2831 3800 solos
2877 3742 3174 3820 pertinent

728 3962 751 4012 1
805 3970 923 4010 suut
963 3975 993 4009 a
1031 3961 1272 4025 contingo
1314 3961 1399 4010 GS
1432 3971 1549 4009 sunt
1592 3976 1617 4007 a
1666 3959 1842 4025 placeo
1888 3960 2049 4024 placet
2094 3961 2155 4008 ab
2202 3960 2375 4009 accido
2423 3961 2602 4010 aevidit
2652 3976 2678 4007 a
2719 3963 2958 4028 contingo
2997 3963 3039 4012 C

586 4031 618 4083 3
651 4031 829 4080 tertiae
859 4031 1043 4080 similia
1081 4041 1197 4079 sunt
1224 4032 1417 4083 actiuae
1454 4045 1702 4095 personae
1742 4030 1822 4076 nel
1854 4030 2070 4079 neutrali
2113 4030 2456 4094 inpersonalia
2499 4030 2921 4096 (inpersonalium
2947 4032 3011 4087 S)
3050 4033 3178 4083 CGS

724 4102 755 4148 4
796 4101 913 4150 libet
965 4100 1120 4162 liquet
1161 4109 1357 4165 oportet
1407 4100 1610 4148 miseret
1658 4099 1801 4147 decet
1846 4102 2143 4164 possessiua
2179 4108 2296 4147 sunt
2333 4098 2374 4147 C
2513 4103 2542 4144 5
2592 4100 2718 4148 libeo
2759 4127 2821 4135 —
2856 4103 2888 4151 u
2919 4102 3174 4167 significat

586 4185 679 4219 om.
717 4168 758 4216 S
893 4188 954 4220 τι)
1001 4181 1385 4219 πεΔγΛκοῑ-ΜΛΙ
1422 4171 1464 4218 0
1512 4182 1573 4217 το
1612 4182 1989 4218 πηᾱᾊηοῖωυ
2040 4172 2083 4219 G
2228 4169 2262 4218 6
2308 4164 2694 4227 unroomrvgo
2748 4186 2884 4220 corr.
2924 4174 2972 4220 ἰη
3011 4186 3168 4234 mar-9,

586 4253 997 4289 rnereflmrtzw
1038 4239 1081 4287 G
1120 4254 1507 4289 envoeuawzw
1545 4239 1585 4287 C
1627 4227 2001 4301 ἕπιθεματίζω
2042 4238 2164 4288 ΑΜ.
2348 4239 2409 4287 13
2453 4238 2609 4287 satum
2649 4237 2837 4289 dietum
2888 4248 2935 4289 et
2977 4242 3171 4289 iussum

586 4310 665 4358 dei
715 4308 897 4357 deinde
936 4308 1071 4355 enim
1122 4308 1241 4357 dicit
1281 4323 1395 4356 esse
1433 4310 1474 4357 C
1525 4306 1683 4356 satum
1723 4322 1816 4372 pro
1856 4307 2044 4358 dictum
2089 4319 2135 4356 et
2175 4307 2368 4355 iussum
2408 4307 2490 4355 dei
2532 4308 2582 4354 id
2621 4309 2752 4356 enim
2786 4311 2904 4359 dicit
2933 4312 2975 4361 G
3015 4309 3171 4358 fatum

586 4377 773 4427 dietum
808 4388 882 4427 est
920 4378 1025 4427 adt
1047 4398 1070 4425 ιι
1102 4378 1254 4438 (adeo
1287 4381 1341 4433 ε)
1381 4377 1429 4425 id
1461 4377 1594 4425 enim
1627 4392 1741 4424 esse.
1770 4377 1899 4425 dixit
1930 4374 1972 4422 S
2111 4377 2170 4425 16
2208 4377 2255 4424 in
2290 4377 2512 4425 seeundo
2553 4377 2823 4443 Aeneidos]
2862 4396 2888 4427 υ
2934 4378 3037 4428 700

584 4450 651 4496 25
690 4448 886 4494 nmatits
923 4462 1106 4496 accuso
1136 4447 1373 4495 act-usaui
1411 4456 1675 4494 accusatus
1704 4446 1863 4495 ltrctor
1892 4447 1955 4495 ln«
1976 4453 2108 4495 tatus
2146 4448 2348 4496 osculor
2377 4446 2633 4495 osculatus
2667 4449 2906 4496 criminor
2938 4449 3174 4497 crimina-

587 4526 668 4565 tus
706 4515 748 4563 S
791 4526 989 4565 amatus
1035 4516 1235 4565 osculor
1281 4516 1536 4564 osculatus
1574 4515 1813 4564 criminor
1852 4516 2146 4564 criminatus
2194 4531 2357 4579 nagor
2396 4525 2612 4581 uagatus
2654 4516 2695 4564 C
2727 4528 2924 4565 amatus
2973 4518 3173 4566 osculor

588 4586 846 4633 osculatus
882 4586 1122 4633 criminor
1159 4585 1454 4634 criminatus
1489 4585 1533 4634 G
1672 4587 1736 4633 ‘27
1779 4586 1908 4643 Quid
1953 4594 2028 4632 est
2067 4613 2132 4622 -
2170 4587 2239 4633 :30
2279 4585 2441 4633 forma
2472 4601 2563 4638 om,
2604 4583 2646 4632 S
2780 4588 2848 4633 29
2889 4586 3090 4650 Septem
3129 4588 3172 4636 G

588 4654 654 4701 vt
697 4655 737 4701 C
875 4655 1040 4717 figura
1075 4670 1164 4703 om.
1201 4655 1241 4702 C
1380 4655 1444 4704 32
1479 4654 1542 4702 ad
1571 4669 1737 4703 mares
1777 4655 2027 4719 pertinent
2069 4663 2120 4703 ut
2164 4654 2306 4703 futuo
2342 4654 2611 4718 deuirgino
2652 4655 2728 4702 uel
2768 4654 2833 4703 ad
2866 4656 3083 4704 sentinas
3119 4666 3173 4705 ut

588 4722 761 4771 futuor
810 4723 970 4770 nubor
1011 4724 1310 4787 dettirginor
1353 4739 1626 4789 possumus
1668 4734 1830 4772 tamen
1872 4724 1919 4770 iu
1958 4721 1999 4770 S
2044 4724 2105 4772 ad
2151 4725 2288 4773 solos
2326 4725 2578 4788 pertinent
2616 4738 2781 4771 mares
2821 4724 3066 4787 quaedam
3106 4726 3171 4773 atl

588 4790 806 4838 seminas
845 4799 898 4837 ut
948 4791 1088 4839 l'utuo
1136 4793 1215 4840 uel
1255 4794 1551 4856 deuii-ginon·
1588 4808 1862 4857 possumus
1903 4802 2068 4841 autem
2112 4792 2235 4842 haec
2273 4794 2322 4840 in
2365 4794 2406 4841 C
2439 4791 2503 4840 nd
2542 4792 2678 4839 solos
2716 4796 2968 4856 pertinent
3005 4809 3170 4843 mares

587 4868 640 4905 nt
680 4855 824 4905 sutuo
863 4859 943 4905 nel
974 4858 1243 4923 deuii-giuo
1280 4877 1554 4925 possumus
1583 4872 1748 4911 autem
1782 4860 1905 4909 haee
1940 4863 1989 4909 in
2030 4865 2071 4911 (ι’
