3576 5595
1339 414 1566 475 LIBER
1609 408 1756 477 tht
1812 426 2034 480 16—19
2880 421 2997 480 119

503 544 542 582 μ.
575 531 686 572 ιοιι.
717 532 765 571 15
795 531 841 571 r.
2597 549 2636 585 μ.
2672 537 2728 577 15.
2760 538 2805 578 ω
2838 539 2890 581 κ.

396 603 526 664 feci.
626 602 688 662 in
754 621 874 681 quo
945 593 1334 663 dominativus
1400 602 1649 664 maxime
1719 602 1900 674 valet,
1969 621 2102 664 cum
2154 603 2388 666 additur
2445 605 2655 680 verbo,
2724 617 2787 669 ut
2848 612 2993 688 ‘ego

395 705 546 766 facio
599 705 756 777 hoc,
809 713 874 765 tu
932 703 1084 764 sacis
1131 702 1331 777 illud’.
1420 722 1556 766 cum
1607 705 1765 766 enim
1821 724 1929 784 per
1982 724 2048 766 se
2107 704 2342 797 ‘sacio'·
2380 706 2627 786 primam
2676 728 2990 789 personam

395 807 668 868 ostendat
722 814 780 865 et
843 803 1056 866 habeat
1110 804 1173 866 in
1226 824 1291 866 se
1339 806 1454 866 vim
1510 805 1849 868 nominativi
1913 805 2276 879 absolutam,
2340 808 2559 870 additio
2625 812 2991 891 pronominis

396 908 813 970 discretionem
860 906 1113 985 aliquam
1178 906 1474 969 desiderat
1518 907 1760 969 alterius
1812 927 2133 988 personae,
2195 917 2258 970 ut
2314 912 2463 988 ‘ego
2508 910 2680 991 lego,
2742 921 2803 974 tu
2850 914 2996 974 scri·

342 1009 542 1073 sbis'.
631 1009 1041 1071 Terentius
1087 1008 1146 1069 in
1193 1008 1499 1070 Andria:

696 1111 1122 1178 Vosistaec
1165 1110 1368 1172 intro
1413 1112 1744 1186 auferte,
1791 1110 2016 1173 abite.
2109 1112 2365 1187 Sosia,

698 1212 1096 1275 Adesdum.

395 1314 546 1377 idem
591 1314 650 1376 in
697 1313 1071 1394 adelphis:
2468 1398 2471 1399 7

659 1416 842 1519 ‘Ego
884 1415 1065 1492 †iho
1110 1415 1346 1489 intro,
1409 1422 1482 1476 ut
1537 1432 1727 1494 quae
1770 1435 1956 1496 opus
1998 1426 2170 1479 sunt
2222 1427 2621 1498 parentur;
2678 1428 2749 1481 tu
2790 1416 2799 1502 Ι
2838 1422 2983 1494 sac,

320 1542 368 1581 1ο
849 1550 860 1559 ·
2325 1527 2403 1580 ut
2446 1519 2615 1581 dixi.

395 1628 587 1682 tamen
637 1619 820 1681 etiam·
862 1618 1295 1685 adiunctionem
1349 1617 1588 1680 alterius
1641 1619 1884 1699 recipit,
1955 1628 2016 1681 ut
2066 1620 2462 1696 ostendimus,
2527 1640 2852 1702 personae,
2906 1634 2985 1697 ‚ut

389 1724 523 1799 ‘ego
560 1728 620 1781 et
664 1728 725 1781 tu
764 1720 1053 1783 tacimus’.
1142 1720 1513 1800 participium
1559 1720 1733 1781 etiam
1778 1731 2068 1802 oportune
2119 1728 2255 1801 post
2300 1722 2538 1784 verbum
2583 1724 2856 1803 ponitur,
2913 1745 2983 1786 ex

391 1841 508 1900 quo
561 1830 619 1882 et
675 1824 976 1895 nascitur,²
1034 1822 1185 1883 sicut
1234 1821 1307 1882 de
1354 1821 1530 1883 verbo
1587 1830 1908 1885 tractantes
1966 1823 2363 1893 ostendimus,
2434 1825 2589 1903 quod
2647 1825 2981 1887 necessario

392 1922 806 1985 translationes
848 1923 1156 1985 verborum
1201 1922 1420 1984 fiebant
1468 1923 1528 1984 in
1572 1924 1838 1987 casuales
1883 1928 2099 2004 figuras
2138 1944 2273 1987 cum
2308 1925 2657 2004 generibus,
2704 1946 2854 2006 quae
2894 1928 2981 1989 eis

317 2048 363 2088 15
390 2025 696 2099 accidunt,
755 2042 888 2087 cum
929 2025 1102 2085 verba
1144 2040 1261 2086 non
1307 2033 1552 2104 possent
1596 2027 2075 2105 consequentiam
2118 2027 2208 2089 sui
2246 2036 2653 2108 praesentare,
2688 2036 2766 2089 .ut
2806 2028 2979 2090 etiam

390 2145 497 2207 per
543 2125 813 2206 obliquos
866 2144 1042 2187 casus
1098 2123 1369 2207 adiunllgi
1422 2134 1669 2205 possent
1723 2136 1780 2187 et
1833 2128 1960 2189 sine
2022 2128 2433 2191 coniunctione
2490 2129 2847 2203 consociari,
2918 2140 2980 2192 ut

387 2229 518 2290 ‘me
568 2228 802 2307 legente
855 2228 1135 2307 proficio'
1193 2247 1301 2307 pro
1358 2228 1527 2307 ‘lego
1581 2236 1641 2289 et
1699 2230 1943 2310 proficio
1962 2232 2003 2290 ⁹.
2091 2230 2465 2292 manifestum
2525 2238 2752 2303 autem,
2799 2232 2976 2310 'quod
3018 2247 3078 2298 11)

385 2331 574 2411 ipsius
624 2348 860 2408 quoque
903 2329 1114 2409 positio
1170 2328 1616 2404 nominationis,
1672 2348 1784 2408 qua
1834 2330 2202 2411 participium
2265 2331 2625 2393 nominatum
2681 2340 2802 2405 est,
2857 2353 2975 2395 uon

383 2433 536 2493 hene
577 2439 937 2506 servaretur,
1001 2431 1111 2493 nisi
1163 2438 1300 2511 post
1345 2449 1560 2491 nomen
1613 2441 1669 2491 et
1721 2432 1961 2494 verbum
2004 2445 2324 2513 poneretur
2371 2434 2776 2515 participium,
2842 2454 2974 2497 cum

306 2555 358 2597 ιο
385 2553 453 2595 ex
484 2531 573 2596 eis
600 2532 865 2611 utrisque
901 2550 1008 2614 per
1051 2532 1555 2594 confirmationem
1592 2534 1859 2613 pendens
1901 2553 1967 2595 ea
2016 2553 2152 2615 pars
2194 2533 2623 2615 accipiebatur,
2682 2536 2976 2615 quomodo

382 2644 521 2717 post
576 2634 963 2697 masculinum
1019 2643 1077 2695 et
1131 2633 1477 2696 femininum
1548 2654 1750 2698 eorum
1809 2635 2215 2714 abnegativum
2262 2645 2554 2699 neutrum.
2651 2637 2763 2699 nisi
2817 2638 2974 2699 enim

383 2737 854 2821 praepositarum
920 2736 1173 2818 partium
1241 2736 1531 2817 patiamur
1589 2737 1844 2818 priorem
1909 2738 2296 2820 positionem,
2365 2738 2654 2820 reliquum
2710 2749 2833 2816 est,
2911 2748 2974 2802 ut

385 2861 494 2902 nec
548 2838 921 2920 participium
973 2858 1179 2900 vocare
1246 2839 1546 2919 possimus
1617 2857 1807 2919 neque
1878 2849 2072 2901 tamen
2130 2850 2436 2916 neutrum,
2497 2842 2773 2921 quoniam
2827 2842 2968 2903 duo·

383 2960 511 3003 rum
558 2927 1028 3021 praepositorum
1072 2958 1357 3018 generum
1402 2943 1468 3002 tlt
1509 2941 1938 3020 abnegativum.
2029 2943 2400 3023 participium
2443 2961 2677 3023 quoque
2722 2963 2972 3007 necesse

309 3064 358 3102 τι
386 3051 477 3103 est
522 3061 590 3103 ex
633 3041 982 3120 quibusdam
1028 3041 1382 3121 praepositis
1440 3050 1665 3122 partem
1725 3044 1969 3123 capiens
2028 3027 2334 3119 constare,
2392 3045 2495 3106 sed
2554 3063 2746 3124 neque
2799 3046 2969 3107 aliam

383 3152 544 3206 recte
588 3143 1015 3223 interponimus
1055 3151 1313 3222 partem,
1357 3143 1417 3204 id
1456 3153 1547 3206 est
1587 3163 1914 3226 pronomen
1960 3146 2049 3207 vel
2096 3146 2435 3208 adverbium
2477 3146 2564 3208 vel
2607 3147 2972 3210 coniunctio·

385 3264 528 3306 nem¹
570 3244 657 3305 vel
716 3243 886 3305 aliam
942 3243 1224 3323 aliquam,
1282 3264 1416 3306 cum
1463 3246 1679 3308 nullam
1724 3266 1793 3308 ex
1839 3267 2039 3309 earum
2092 3247 2452 3330 proprietate
2503 3255 2730 3328 partem
2778 3248 2966 3328 capiat

382 3347 771 3428 participium.
861 3354 995 3426 post
1042 3347 1415 3427 participium
1470 3348 1675 3411 Graeci
1720 3349 2033 3412 articulum
2078 3359 2335 3431 ponunt,
2394 3369 2568 3429 quem
2616 3369 2756 3425 nos,
2814 3350 2966 3418 sicut

520 3501 547 3553 1
588 3497 712 3564 feci]
739 3516 784 3548 -r
819 3498 943 3550 facit
977 3501 1025 3550 R
1204 3500 1343 3551 ualet
1377 3501 1428 3550 in
1464 3502 1802 3554 discernendo
1836 3519 1949 3553 cum
1986 3505 2052 3554 M
2218 3506 2252 3555 2
2287 3519 2379 3570 per
2414 3519 2471 3555 se
2503 3501 2671 3570 facio]
2705 3519 2736 3552 1·
2772 3503 2969 3571 persec-

381 3573 452 3620 tio
487 3569 535 3621 R
676 3568 710 3620 3
744 3567 1010 3635 ostendat]
1050 3586 1080 3617 r
1111 3572 1376 3622 ostendam
1413 3571 1573 3622 RMG
1723 3572 1877 3623 habet
1913 3573 2080 3636 (ΠΟ)
2223 3574 2485 3640 pronomis
2524 3574 2568 3624 11
2710 3576 2968 3638 pronomi-

378 3641 459 3689 nis
498 3640 606 3691 uim
648 3639 875 3704 aliquam
921 3639 1277 3690 discretionem
1327 3643 1370 3704 G
1543 3644 1576 3693 5
1632 3645 1749 3693 Ter.
1790 3643 1958 3693 Andr.
1996 3645 2016 3693 l
2057 3643 2113 3703 1,
2154 3643 2178 3694 1
2353 3643 2388 3696 6
2438 3642 2637 3694 isthaec
2672 3644 2741 3692 νά
2784 3644 2884 3693 ista
2920 3652 2967 3694 et

380 3704 703 3778 MGL—istac
738 3723 782 3775 0
956 3725 1183 3777 auserue
1210 3725 1293 3791 (a)
1328 3727 1376 3778 R
1548 3725 1718 3793 abite]
1755 3729 1832 3779 εἰσ
1861 3732 2007 3780 etiam
2046 3706 2161 3782 Ter.
2201 3729 2361 3789 Bam,
2408 3745 2470 3778 m.
2511 3736 2618 3779 arte.
2664 3731 2715 3779 iu
2747 3739 2796 3779 et
2828 3729 2967 3781 abite

377 3805 526 3856 mm
574 3811 666 3847 om.
702 3794 968 3846 RMODN
1002 3803 1182 3846 contra
1215 3798 1374 3860 ipsum
1412 3799 1575 3849 Prisc.
1613 3800 1679 3849 de
1717 3807 1860 3853 metr.
1909 3815 2031 3850 com.
2064 3802 2100 3863 s
2135 3798 2193 3850 11
2252 3799 2369 3850 abte
2404 3800 2535 3878 G-et
2569 3815 2641 3851 ex
2674 3808 2791 3865 apte
2826 3814 2967 3863 cor-r.

375 3915 488 3963 sup.
520 3901 606 3950 ιῑιι.
650 3900 699 3949 L
849 3873 983 3950 sos?
1010 3900 1060 3949 D
1095 3901 1264 3949 wasia
1302 3900 1366 3950 M
1402 3901 1564 3952 rossia
1598 3902 1643 3951 G
1791 3904 1822 3953 7
1856 3903 2003 3953 ades.
2043 3901 2250 3954 RMOD
2281 3866 2467 3952 ,Δηὼ
2505 3904 2605 3954 Νι
2771 3903 2806 3953 s
2851 3905 2965 3953 Ter.

376 3968 578 4033 adelph.
614 3968 706 4019 1111
739 3970 793 4034 5,
831 3971 900 4020 72
1065 3969 1264 4020 adclivis
1301 3971 1368 4021 M
1397 3972 1540 4021 aldes
1571 3973 1616 4022 G
1648 3969 1885 4036 udelsslzis
1923 3972 1969 4020 D
2132 3971 2168 4022 9
2205 3969 2314 4038 ibo]
2351 3987 2411 4023 eo
2458 3973 2722 4024 Terentius
2892 3974 2970 4021 in-

377 4037 475 4104 tro]
516 4056 547 4089 1·
576 4039 707 4088 ultro
738 4039 786 4090 R
925 4046 1079 4101 utque
1112 4055 1243 4105 opus
1275 4040 1338 4089 M
1480 4040 1536 4092 11
1578 4042 1956 4091 adiunctionem
1985 4042 2135 4091 etiam
2170 4041 2213 4091 S
2367 4039 2767 4106 adiunctionem]
2807 4057 2837 4089 r
2876 4042 2971 4091 ad-

379 4111 648 4160 iectionem
685 4107 734 4159 R
877 4109 1065 4175 recepit
1101 4111 1156 4160 N
1311 4112 1376 4162 12
1414 4109 1677 4164 faciemus.
1716 4111 1899 4161 deinde
1932 4127 1966 4160 ιι
2001 4113 2090 4162 lin.
2130 4111 2214 4161 hic
2252 4111 2375 4161 dicit
2403 4112 2467 4161 de
2504 4112 2776 4177 participio
2811 4126 2971 4174 quare

378 4179 548 4230 statim
577 4187 695 4245 post
731 4178 941 4229 uerbum
981 4181 1184 4243 ponitur
1217 4181 1340 4231 add.
1381 4182 1436 4231 N
1609 4180 1673 4232 13
1718 4189 1990 4233 tractantes
2027 4182 2091 4231 de
2121 4183 2274 4232 uerbo
2305 4181 2349 4230 S
2526 4182 2588 4233 14
2633 4180 2887 4231 faciebant
2920 4180 2967 4230 R

518 4249 582 4301 15
615 4245 848 4316 possent]
888 4266 920 4297 1·
954 4259 1169 4314 possunt
1207 4250 1307 4300 BL
1473 4248 1538 4301 16
1571 4248 1805 4316 possenq
1847 4268 1876 4299 r
1912 4260 2127 4316 possunt
2162 4252 2209 4302 11
2367 4248 2742 4317 coniunctione]
2780 4250 2818 4298 d
2847 4264 2968 4299 con-

278 4283 352 4366 Χ
377 4319 605 4368 inntione
634 4319 683 4368 D
842 4320 1117 4368 consotiari
1154 4319 1196 4368 S
1346 4334 1426 4369 me
1465 4319 1665 4386 legente
1699 4321 1905 4385 proficio
1942 4332 1992 4370 et
2025 4321 2200 4387 legens
2235 4319 2450 4386 proficio
2487 4336 2581 4386 pro
2619 4320 2737 4386 (pro
2772 4335 2868 4371 om.
2897 4321 2967 4384 G)

380 4388 749 4440 MONSGLr-ci
888 4389 950 4439 17
989 4389 1313 4440 Manifestum
1352 4399 1430 4440 est
1458 4402 1628 4439 autem
1665 4392 1717 4441 N
1855 4388 2047 4456 antem]
2072 4392 2109 4439 d
2144 4402 2309 4440 tamen
2338 4389 2475 4440 ODS
2614 4390 2679 4442 18
2714 4404 2816 4454 qua
2850 4405 2969 4456 par·

376 4460 608 4526 ticipium
655 4458 967 4508 nominatum
1015 4467 1093 4508 est
1136 4475 1228 4512 om.
1261 4458 1499 4524 Apollon.
1539 4459 1558 4509 1
1594 4459 1628 4511 3
1659 4474 1718 4524 p.
1760 4458 1851 4522 lo,
1896 4459 1919 4509 1
1959 4459 2087 4517 Bk„-
2122 4477 2233 4510 num
2270 4461 2541 4510 Prisc-iano
2569 4459 2820 4510 debetur?

370 4537 490 4596 post
524 4528 883 4596 participium:
923 4530 1653 4599 nominatum—participium
1690 4545 1782 4580 om.
1817 4530 1866 4581 R
1898 4530 2022 4583 add.
2055 4545 2086 4578 1·
2225 4527 2560 4594 nominatum]
2595 4531 2965 4582 nominatiuum

376 4598 470 4648 GL
644 4598 708 4648 19
748 4605 964 4663 ponetur
999 4599 1043 4648 G
1209 4600 1280 4651 20
1309 4615 1373 4649 ex
1405 4600 1482 4650 eis
1513 4600 1637 4651 add.
1674 4616 1704 4648 r
1861 4600 2194 4672 pre-»pendens
2229 4598 2308 4648 Rr
2476 4600 2857 4666 accipiebamur
2893 4601 2969 4652 ur
3028 4645 3041 4657 ,

513 4685 576 4735 21
615 4693 734 4748 post
764 4684 1162 4751 abnegatiuum:
1202 4687 1886 4753 neutmm—nbnegatinum
1912 4702 2004 4738 oa.
2032 4687 2079 4737 lt
2101 4685 2225 4736 add.
2256 4703 2286 4733 1·
2423 4694 2473 4736 et
2510 4695 2739 4737 neutrum
2778 4689 2845 4738 M

375 4756 446 4805 22
487 4755 708 4818 patimur
738 4754 888 4805 DGL
1057 4756 1124 4804 24
1163 4753 1238 4819 at]
1279 4756 1346 4805 sit
1381 4755 1428 4805 L
1604 4757 1675 4806 26
1712 4753 2101 4822 interponimus]
2138 4771 2169 4804 1·
2202 4755 2325 4819 inpo
2363 4757 2410 4807 lt
2582 4757 2650 4807 27
2683 4757 2900 4824 nullam]
2940 4773 2970 4806 r

378 4824 517 4873 nulla
545 4823 594 4874 R
733 4825 1071 4889 propriaetate
1105 4826 1154 4875 R
1187 4826 1548 4890 proprietatem
1589 4825 1695 4877 MS
1850 4823 2042 4892 capiat]
2082 4841 2114 4872 1·
2146 4824 2313 4890 capiet
2350 4826 2396 4878 lt
2560 4827 2629 4878 28
2661 4836 2778 4893 pou
2810 4829 2963 4895 parti·

374 4894 568 4959 cipinm
589 4909 633 4962 ‘a
663 4894 752 4946 lin.
787 4893 881 4944 flio
917 4893 1058 4959 incip
1089 4903 1307 4945 tractare
1344 4895 1409 4946 de
1443 4896 1760 4961 pronomine.
1798 4898 1850 4947 N
1986 4894 2316 4961 participium
2349 4905 2519 4948 autem
2555 4899 2606 4949 N
