3576 5595
591 341 714 404 264
1582 336 1952 398 PRISCIANI
1999 335 2186 398 INST.

696 453 1031 510 p.1155..'›6P.
2751 465 2794 509 1».
2830 454 2917 493 159.
2947 453 3078 495 eox.

592 548 803 590 mano
831 525 1238 588 ostendere
1283 524 1615 585 auderet.
1693 532 1804 583 est
1838 524 2026 584 idem
2054 523 2354 596 Verres,
2401 526 2524 602 qui
2557 527 2707 587 ruit
2741 545 3067 606 semper,
3109 535 3194 588 ut

463 641 554 693 121
591 631 674 691 ad
718 627 1135 690 audendum
1181 612 1610 705 proiectuS,
1659 626 1767 687 sie
1811 633 2116 705 paratus
2153 626 2241 687 ad
2279 620 2743 689 audiendum
2777 675 2791 688 .
2826 674 2839 688 .
2874 674 2888 687 .
2921 647 3086 688 nam
3123 628 3190 689 si

593 731 660 792 id
709 729 1059 801 fecisset,
1102 728 1292 805 quod
1324 736 1741 799 statuerat,
1791 738 2044 788 utnon
2092 728 2435 801 adesset,
2493 731 2739 791 minus
2795 729 3193 807 aliquanto

596 851 807 912 quam
855 831 1033 891 mihi
1089 850 1274 910 opus
1338 839 1575 904 esset,
1636 839 2276 908 cognosceretur,
2328 831 2504 908 quid
2565 851 2700 910 ego
2738 878 2752 892 .
2799 878 2813 891 .
2860 878 2875 891 .
2931 832 3194 893 elabo-

595 952 928 1006 rassem,
976 940 1235 993 vestra
1280 952 1454 993 vero
1499 932 1660 992 laus
1704 932 1960 993 tenuis
2017 978 2030 992 .
2078 976 2092 991 .
2141 977 2154 991 .
2213 939 2453 1005 esset,
2513 933 2572 992 si
2634 934 3190 995 condemnatus
3228 956 3258 994 5

601 1038 703 1097 sit
748 1036 851 1107 is,
908 1033 1029 1112 qui
1069 1034 1338 1094 adesse
1383 1034 1740 1107 noluerit,
1800 1042 1867 1093 et
1921 1034 1980 1094 si
2026 1035 2274 1093 sortes
2321 1034 2634 1094 fueritis
2679 1035 2750 1094 in
2798 1055 2918 1109 eo,
2978 1018 3195 1112 qu‘em

602 1157 812 1199 nemo
860 1137 960 1197 sit
998 1156 1229 1198 ausus
1271 1135 1703 1195 defendere.
1809 1136 2024 1213 ubique
2067 1135 2345 1195 alterutra
2386 1154 2561 1213 supra
2594 1136 2878 1196 dictarum
2916 1139 3201 1198 coniunc-

606 1241 829 1301 tionum
880 1239 1233 1298 Graecarum
1273 1233 1282 1317 Ι
1324 1257 1456 1298 cum
1503 1237 1884 1297 subiunctivis
1936 1246 2027 1296 est
2066 1237 2473 1314 intellegenda.
2564 1238 2624 1298 in
2671 1239 2905 1299 eodem:
2961 1240 3044 1299 de
3082 1240 3199 1299 in—

605 1340 968 1421 pudentia
1032 1337 1415 1416 singulari
1476 1385 1489 1398 .
1552 1385 1565 1400 .
1625 1384 1640 1398 .
1707 1347 1890 1399 sunt
1950 1338 2070 1416 qui
2140 1338 2535 1399 mirentur.
2640 1339 2697 1401 in
2752 1341 2987 1400 eodem:
3054 1342 3199 1400 iste

605 1461 793 1503 unus
834 1442 1189 1502 inventus
1236 1449 1379 1513 est,
1430 1440 1552 1518 qui
1614 1448 1756 1499 eta
1803 1440 2175 1519 conplexu
2232 1451 2630 1519 parentum
2692 1443 3055 1521 abreptos
3102 1443 3197 1502 fi·
3236 1460 3290 1499 ιο

607 1543 754 1603 lios
800 1543 882 1602 ad
925 1562 1182 1602 necem
1228 1543 1541 1603 duceret
1580 1551 1649 1602 et
1701 1548 2054 1622 parentes
2101 1542 2426 1621 pretium
2474 1563 2608 1621 pro
2654 1545 3062 1623 sepultura
3105 1543 3199 1603 li-

520 1668 531 1678 ·
608 1645 862 1705 berum
907 1652 1283 1724 posceret.
1374 1643 1431 1703 in
1480 1643 1720 1703 eodem:
1769 1643 1844 1702 'si
1899 1644 2230 1723 populus
2278 1645 2657 1705 Romanus
2703 1645 2928 1706 istius
2974 1646 3199 1706 unius

611 1746 1003 1826 supplicio
1064 1754 1487 1806 contentus
1545 1744 1782 1804 suerit
1844 1764 1926 1804 ac
1970 1764 2113 1806 non
2175 1746 2282 1806 sic
2329 1746 2729 1820 statuerit,
2792 1767 2937 1807 non
2983 1746 3199 1806 istum

611 1849 854 1908 maius
921 1848 992 1907 in
1060 1867 1137 1907 se
1194 1848 1445 1908 scelus
1496 1846 1956 1927 concepisse
2009 1893 2022 1906 .
2074 1892 2087 1907 .
2136 1892 2150 1906 .
2199 1893 2213 1906 .
2274 1865 2485 1924 quam
2544 1842 2704 1919 eos,
2777 1847 2902 1925 qui
2969 1848 3197 1909 istum

798 1996 810 2009 .
859 1950 1239 2010 sententia
1272 1945 1461 2032 nsua
1508 1946 1956 2022 liberarint,
2003 1938 2420 2023 ἠλευθέρωσαν
2454 1940 2588 2022 ἄρα.
3238 1968 3294 2006 15

442 2059 609 2113 XIIII
652 2063 744 2112 122
802 2053 939 2114 Ideo
985 2068 1052 2109 ex
1100 2071 1215 2112 uno
1264 2051 1409 2110 libro
1455 2050 1754 2110 Ciceronis
1802 2059 1886 2108 tot
1938 2070 2079 2111 usus
2126 2070 2456 2130 proponere
2502 2050 2729 2123 studui,
2790 2059 2854 2110 ut
2907 2050 3201 2120 doc-erem,

618 2174 786 2233 quam
831 2153 1300 2229 frequentissime
1360 2153 1468 2211 hac
1531 2151 1969 2211 constructione
2016 2152 2108 2211 usi
2166 2152 2283 2210 sint
2327 2161 2596 2212 auctores
2635 2152 3001 2229 eloquentiae
3045 2152 3204 2212 Lati·

615 2275 759 2326 nae,
824 2256 881 2315 in
927 2255 1037 2313 hoc
1076 2271 1307 2331 quoque
1350 2253 1571 2312 Atticos
1621 2253 1871 2311 maxime
1918 2253 2155 2325 imitati,
2210 2231 2460 2331 quorum
2505 2254 2769 2314 similiter
2811 2273 2955 2314 usus
2999 2271 3205 2314 neces-

620 2358 834 2417 sarium
878 2374 1010 2414 esse
1060 2353 1379 2414 existimavi
1427 2354 1707 2414 collectos
1751 2354 2039 2427 subicere.

789 2457 1050 2517 Platon
1093 2456 1147 2516 in
1197 2455 1581 2516 Alcibiade
1628 2456 1853 2535 priore:
1904 2446 2087 2530 πρὸς
2136 2449 2421 2530 πατρός
2466 2453 2540 2516 τέ
2580 2474 2702 2516 σοι
2756 2459 3025 2533 φίλους
3079 2455 3291 2516 naim

618 2563 1017 2638 συγγενεῖς
1060 2557 1469 2627 πλείστους
1515 2552 1717 2615 εἶναι
1755 2553 1883 2615 καὶ
1930 2546 2325 2632 ἀρίστους,
2383 2557 2485 2631 οῖ’,
2531 2558 2605 2616 εἴ
2653 2582 2722 2618 τι
2770 2557 2962 2631 δέοι,
2995 2551 3202 2634 ὐπη-

762 2712 785 2760 1
824 2718 873 2758 nt
913 2710 1177 2759 ostendere
1214 2712 1262 2759 N
1399 2711 1597 2760 audiv-t
1624 2708 1667 2756 L
1830 2717 1905 2757 est
1926 2711 2054 2758 enim
2078 2710 2211 2759 idem
2241 2713 2370 2774 [κιρ.
2394 2711 2463 2760 29
2482 2714 2550 2759 al.
2709 2721 2765 2762 ut
2794 2711 2858 2759 ad
2889 2710 3202 2776 audendum]

621 2781 775 2846 (Mo.
808 2783 983 2832 Cicero
1019 2782 1078 2829 aad
1119 2780 1407 2830 audendum
1449 2782 1485 2828 d
1519 2788 1571 2828 ut
1608 2779 1897 2828 audendum
1939 2782 2114 2832 Drell.
2258 2785 2287 2828 2
2325 2794 2529 2844 paratus
2567 2797 2656 2830 om.
2698 2783 2843 2834 codd.
2883 2785 3071 2846 aliquot
3106 2783 3208 2831 Cic.

758 2869 801 2900 a·
827 2852 1048 2901 dentium
1077 2851 1115 2898 L
1256 2852 1356 2900 Cic.
1386 2866 1461 2898 or.
1482 2853 1513 2898 l.
1547 2849 1568 2897 l
1606 2852 1637 2896 2
1779 2852 1819 2898 si
1850 2866 1940 2903 om,
1966 2852 2014 2899 L
2157 2851 2199 2896 si
2224 2851 2316 2898 iste
2346 2853 2391 2899 id
2416 2852 2556 2899 codd.
2590 2853 2690 2900 Cic.
2833 2851 2864 2902 3
2896 2852 3030 2912 qnod
3061 2853 3205 2916 prius

621 2923 696 2983 (ee
734 2923 925 2987 primus
963 2929 1009 2968 ec
1046 2921 1205 2984 pri-no
1243 2921 1342 2978 αΙ.)
1378 2930 1622 2968 statuerat
1654 2919 1771 2967 le'bri
1808 2921 1909 2970 Cic,
2070 2917 2237 2980 aliquo
2281 2923 2321 2968 L
2477 2925 2506 2968 4
2558 2923 2676 2983 quid
2711 2937 2807 2983 ego
2847 2923 2897 2968 iu
2935 2921 3029 2970 hac
3059 2936 3209 2969 aceu-

623 2999 819 3039 satnoni·
854 2990 1192 3054 comparanda
1232 2994 1682 3050 constituendaque
1722 2989 2064 3037 elaborassent
2107 2989 2282 3038 Cicero
2447 2989 2565 3054 ego]
2610 3007 2730 3054 ergo
2767 2992 2814 3038 l.
2976 2993 3008 3038 5
3043 2992 3210 3038 tenuis

621 3077 691 3110 ex
728 3076 848 3110 corr
898 3063 917 3107 l
1091 3062 1255 3109 tenuis
1293 3058 1458 3124 esset]
1511 3063 1754 3109 tenuisset
1799 3058 1912 3107 V.l1
1959 3062 2125 3108 tenuis
2163 3059 2311 3125 plane
2345 3067 2493 3119 atque
2535 3063 2774 3120 obscura,
2817 3059 3033 3123 iudices,
3075 3068 3211 3109 esset

623 3132 798 3180 Cicero
939 3130 1039 3178 Cic.
1073 3145 1147 3180 or.
1192 3132 1210 3177 l
1267 3130 1288 3178 l
1352 3129 1383 3180 3
1526 3131 1927 3191 condempnatus
1973 3129 2119 3179 VNL
2269 3130 2302 3180 6
2337 3129 2446 3204 sit'is
2489 3131 2542 3177 V
2703 3131 2745 3177 is
2785 3145 2874 3180 om.
2913 3129 2959 3177 L
3122 3147 3211 3178 uo-

621 3216 771 3265 luerit
810 3216 873 3265 M
1010 3225 1057 3264 et
1090 3214 1166 3281 si]
1205 3218 1224 3264 ἱ
1258 3218 1322 3265 eti
1360 3216 1412 3263 ni
1440 3215 1485 3276 f.
1521 3215 1569 3263 L
1733 3216 1927 3289 l'ueritjs
1972 3216 2028 3265 V
2185 3217 2214 3265 7
2255 3230 2376 3264 usus
2410 3217 2457 3265 L
2613 3218 2987 3280 supi-editarum
3022 3219 3071 3266 D

623 3304 996 3353 conmitti-mum
1037 3303 1080 3349 D
1259 3301 1292 3352 8
1331 3316 1595 3366 grec-aium
1630 3302 1677 3350 N
1712 3302 1948 3366 gerarum
1992 3304 2037 3352 L
2077 3303 2237 3366 gratia
2269 3321 2351 3352 u-ii
2394 3304 2456 3351 M
2632 3319 2741 3350 cium
2781 3305 3113 3353 substantiuis
3148 3305 3216 3353 M

766 3373 851 3422 Cic
914 3389 991 3421 or.
1030 3376 1063 3422 t.
1103 3374 1153 3427 2,
1192 3371 1226 3420 6
1400 3374 1604 3418 eudem:
1641 3371 1702 3418 de
1741 3370 2081 3436 impudentia]
2123 3375 2142 3421 l
2177 3376 2352 3420 eudem
2389 3373 2627 3437 pudentia
2665 3373 2712 3422 l,
2887 3373 3208 3439 inpudentia]

635 3444 691 3491 V
722 3438 1189 3505 i·1·pu·teutia5·etl.
1226 3439 1371 3501 (cum
1400 3442 1540 3489 libras
1578 3441 1757 3500 Cic.?)
1930 3443 1964 3491 9
2010 3443 2283 3498 simulari,
2334 3444 2467 3504 quod
2515 3443 2688 3494 adest,
2744 3443 2876 3503 quod
2918 3448 3213 3507 respon-tet,

627 3522 744 3561 sunt
782 3513 956 3560 Cic-ero
994 3511 1271 3575 singularis
1312 3511 1409 3558 sint
1451 3509 1513 3556 M
1666 3519 1781 3559 >unt
1820 3513 1903 3571 qui
1940 3540 2008 3549 —-
2041 3514 2126 3573 qui
2165 3524 2212 3559 et
2251 3527 2280 3559 a
2314 3528 2401 3562 oeae.
2454 3513 2507 3560 V
2652 3513 2757 3562 Cic.
2798 3527 2873 3560 or.
2915 3517 2947 3561 l.
2986 3513 3033 3561 3.
3071 3515 3098 3562 7
3139 3513 3210 3574 cf.

625 3582 709 3629 lib.
755 3581 840 3629 vt!
877 3584 908 3642 S
943 3582 1007 3628 24
1184 3579 1243 3628 to
1274 3577 1549 3643 conplexu]
1600 3580 1696 3628 VD
1731 3581 1920 3642 oplexu
1962 3580 2000 3627 L
2038 3582 2307 3643 complexu
2346 3584 2458 3631 rell.
2626 3583 2865 3644 abreptos
2904 3598 2973 3630 ex
3010 3595 3212 3647 areptus

624 3665 759 3698 corr.
805 3650 850 3698 N
885 3650 1094 3714 abrepto
1137 3648 1177 3696 L
1316 3649 1448 3696 filios
1486 3666 1555 3696 ea:
1594 3648 1640 3696 fit
1670 3664 1728 3698 us
1761 3665 1898 3701 corr.
1945 3651 1987 3698 L
2150 3650 2207 3700 ll
2253 3653 2472 3713 precium
2511 3652 2560 3699 D
2593 3651 2759 3715 §vium
2803 3651 2860 3698 M
3017 3666 3105 3715 pro
3141 3681 3216 3690 ——-

625 3719 669 3768 si
706 3726 819 3769 ante
858 3719 1078 3784 pupulus
1118 3717 1373 3765 Romanus
1410 3733 1499 3765 om.
1550 3717 1813 3768 VHMNL
1847 3719 1968 3768 add.
2008 3735 2039 3767 r
2212 3719 2454 3786 liberum]
2509 3724 2583 3768 sic
2619 3737 2648 3769 r
2682 3737 2786 3768 cum
2821 3721 2968 3773 codd.
3004 3723 3087 3775 lib,
3122 3722 3213 3770 Vll

623 3791 656 3850 S
690 3793 784 3843 2-1,
840 3789 923 3838 ubi
959 3791 1246 3836 acciu-atius
1282 3788 1345 3836 de
1379 3786 1427 3836 Ιι.
1465 3789 1499 3835 l.
1542 3788 1742 3849 referre
1781 3789 2047 3845 debebam,
2095 3798 2144 3839 et
2182 3790 2310 3839 Non.
2340 3807 2399 3854 p.
2447 3791 2575 3845 365.
2625 3791 2690 3841 32
2742 3791 2955 3839 filiorum
2997 3791 3113 3850 00,
3162 3807 3208 3839 υ.

625 3858 712 3909 lib.
748 3861 836 3907 Vll
879 3862 912 3906 Ι.
955 3861 987 3908 l.
1141 3859 1201 3906 12
1239 3858 1340 3906 Cic.
1378 3872 1454 3906 or.
1495 3860 1513 3905 l
1570 3860 1629 3908 4.
1669 3857 1703 3905 9
1845 3873 1936 3923 pro
1969 3860 2118 3908 istius
2155 3861 2289 3916 tm)
2437 3860 2498 3910 13
2531 3859 2810 3924 supplicio]
2852 3877 2880 3908 ι·
2913 3863 3126 3927 suplicio
3167 3861 3214 3910 R

626 3928 836 3988 sui-litim
871 3930 926 3977 V
956 3927 1210 3990 subplicio
1239 3927 1282 3974 L
1428 3928 1518 3975 vrit
1559 3927 1658 3976 Cic.
1685 3927 1807 3977 dete.
1954 3943 2051 3975 non
2091 3927 2184 3993 sic]
2229 3930 2272 3978 si
2313 3944 2410 3978 non
2453 3931 2553 3982 Cic.
2592 3930 2757 3993 Guelf.
2797 3934 2888 3983 alt.
3034 3928 3211 3996 istum]

628 3999 775 4046 irtam
810 3998 871 4046 M
1015 3998 1076 4046 13
1117 4013 1231 4044 ⁸sese
1269 3996 1414 4047 codd.
1456 3998 1555 4046 Cic.
1712 3999 2043 4062 concaepisse
2085 3999 2131 4047 L
2277 4008 2394 4060 post
2424 4001 2745 4065 concepisse:
2787 4015 2899 4048 cuin
2943 4000 3058 4049 sana
3096 4016 3214 4063 spo·

626 4067 776 4124 liarit,
821 4082 933 4115 cuin
974 4075 1045 4115 tot
1078 4066 1309 4115 homines
1346 4067 1637 4115 innoeentes
1677 4069 1887 4126 nvcarit,
1929 4081 2040 4115 cum
2076 4070 2213 4116 cives
2253 4068 2507 4117 numanus
2549 4078 2735 4131 morte,
2774 4072 3023 4129 cruciatu,
3063 4085 3214 4120 cruce

627 4138 847 4185 alleca-rit
909 4152 1021 4186 cnm
1060 4137 1372 4203 praedurum
1414 4139 1570 4184 duces
1603 4147 1808 4201 accepta
1842 4140 2058 4202 pecnnia
2093 4137 2341 4186 dimiserit
2378 4139 2498 4186 add.
2542 4139 2716 4187 Cicero
2893 4155 2999 4198 eos,
3039 4141 3084 4187 si
3125 4142 3214 4196 qui

624 4208 771 4258 codd.
812 4207 911 4256 Cic.
1086 4214 1204 4268 post
1249 4207 1426 4254 i-tum:
1481 4217 1576 4264 tot,
1614 4207 1798 4260 tamisi,
1842 4218 1943 4255 tum
1996 4206 2208 4256 nefariis
2248 4207 2522 4256 sceleribus
2576 4215 2863 4269 coopertum
2905 4210 3052 4257 iurati
3087 4209 3214 4261 add.

625 4276 801 4326 Cicero
980 4277 1040 4325 15
1076 4279 1237 4324 sentia
1284 4277 1337 4323 V
1501 4274 1781 4339 liberarint]
1817 4277 1852 4323 d
1890 4276 2164 4324 l·beraruut
2208 4277 2252 4324 D
2292 4278 2562 4326 liberarent
2595 4277 2644 4325 N
2678 4294 2782 4325 cum
2813 4278 2911 4327 Cic.
2953 4280 3075 4328 dett.

626 4359 1013 4396 nAssveerwoan
1051 4345 1146 4394 VH
1185 4359 1562 4394 {Ml-:NRI-:PtuCAN
1601 4346 1647 4393 D
1686 4360 2018 4396 nasropocan
2052 4345 2101 4393 N
2137 4360 2481 4396 nasverwcax
2517 4363 2587 4395 (α,-
2628 4361 2954 4398 ηειεΐοριοᾼκ
2991 4363 3126 4399 corr.
3169 4347 3215 4395 L

766 4432 826 4465 ΡΛ
874 4415 928 4462 V
1092 4415 1152 4462 17
1195 4416 1287 4461 linc
1323 4429 1432 4473 sup.
1470 4418 1555 4464 lin.
1595 4414 1718 4464 add.
1760 4415 1810 4462 L
1975 4417 2078 4464 sint.
2112 4431 2183 4463 ex·
2219 4417 2298 4463 sin
2334 4431 2468 4464 corr.
2509 4418 2564 4466 V
2597 4426 2712 4464 sunt
2748 4417 2908 4466 MNL
3071 4424 3214 4464 auto-

626 4497 707 4531 res
745 4485 791 4532 D
956 4483 1306 4547 avtoqueniiae
1348 4484 1405 4532 V
1565 4484 1626 4532 le
1665 4485 1826 4533 aticos
1866 4485 2115 4533 maximae
2149 4484 2195 4531 L
2369 4484 2432 4534 19
2468 4501 2581 4534 esse
2617 4501 2706 4534 om.
2747 4487 2812 4535 M
2969 4486 3037 4535 20
3075 4487 3213 4534 Plato

629 4550 772 4601 ONL
937 4552 1075 4602 Ptat.
1112 4553 1272 4601 Alc-ib.
1329 4554 1345 4600 1
1384 4569 1426 4605 c.
1482 4555 1593 4615 lp.
1642 4553 1733 4601 104
1772 4553 1819 4599 A
1851 4552 1929 4602 St.
2106 4554 2324 4602 alcibiad
2384 4555 2438 4603 V
2481 4555 2768 4604 atchtbiade
2811 4554 2858 4601 L
3045 4557 3216 4617 priore

628 4634 763 4671 neoc
796 4635 858 4669 τε
895 4635 1040 4670 coice
1077 4637 1157 4671 imi
1195 4635 1792 4672 ciccensr.ssrzxstcr010
1829 4637 1979 4672 nrum
2018 4629 2065 4670 et
2104 4622 2298 4685 reliqua
2398 4625 2497 4673 uod
2539 4626 2587 4674 Ν
2633 4625 2816 4688 priore.
2862 4626 2946 4677 (ᾗ.
2984 4625 3129 4683 Quod
3167 4624 3216 4671 D

769 4704 941 4738 amoc
976 4692 1019 4740 lt
1059 4705 1203 4740 I'rPuc
1246 4691 1361 4739 VM
1498 4705 1708 4741 nrm-poc
1755 4691 1854 4738 VL
1992 4698 2171 4754 φηοῖο
2211 4693 2258 4741 L
2395 4695 2458 4744 21
2504 4693 2751 4744 CissENEtc
2789 4695 2852 4743 M
2886 4695 3120 4744 cvssnstc
3167 4695 3225 4742 V

628 4773 711 4807 τη·
750 4770 900 4807 rui-:10
938 4760 987 4807 L
1033 4755 1312 4821 ξυγγενεῖς
1344 4773 1474 4820 pars
1508 4761 1653 4812 codd.
1699 4760 1838 4812 Ptat.
2013 4775 2316 4812 tut-:ierom
2353 4763 2414 4812 M
2453 4777 2725 4814 ITAECTOYC
2763 4764 2810 4811 L
2850 4777 3120 4814 maiorve
3168 4765 3226 4813 V

626 4839 834 4875 rwrorc
872 4826 916 4874 R
1090 4841 1191 4876 Δεο
1224 4842 1560 4879 ”rnre-romu
1597 4829 1658 4877 M
1702 4826 2022 4880 defurssrom
2057 4829 2220 4893 (exer.
2260 4834 2333 4884 lit.
2369 4835 2422 4882 in
2458 4846 2605 4883 roion
2643 4836 2808 4894 corr.)
2848 4835 2895 4883 L
3073 4846 3215 4882 Δεογ
