3576 5595
1293 410 1520 472 LIBER
1561 409 1738 472 xvtll
1790 419 2078 474 110—112
2845 409 2968 472 259

481 543 526 584 p.
556 529 826 571 11525312.
2245 577 2248 580 Α
2534 525 2865 576 p.155.56K.

380 600 617 675 venit,
675 598 849 678 quin
909 599 972 659 is
1011 616 1472 676 unoquoque
1520 596 1750 675 gradu
1796 596 1879 656 de
1926 595 2240 656 avaritia
2287 604 2407 656 tua
2458 614 2967 658 commovere-

382 701 547 765 tur?
606 720 815 779 quam
876 708 949 759 tu
991 700 1174 760 viam
1235 700 1676 759 thensarum
1719 707 1943 775 atque
2003 716 2316 777 pompae
2379 696 2741 758 eiusmodi
2790 719 2969 760 exe-

380 805 595 882 gisti,
643 811 721 862 ut
757 802 916 881 ipse
962 800 1091 861 illa
1139 801 1242 862 ire
1286 820 1436 860 non
1481 800 1792 873 audem,
1833 787 1942 858 οὐκ
1973 788 2050 857 ἂν
2087 792 2426 876 τολμήσοις,
2473 799 2529 858 id
2575 809 2664 860 est
2695 805 2967 901 ‘prorsus

377 925 497 966 non
534 906 757 966 audes’.
837 904 895 963 in
929 903 1169 962 eodem:
1219 902 1338 980 qui
1387 901 1636 960 aedem
1681 901 2034 962 Castoris
2083 909 2344 961 testem
2394 903 2761 962 furtorum
2804 912 2966 963 tuo-

325 1024 532 1067 srum
595 1025 771 1066 esse
826 1003 1168 1065 volueris
1221 1055 1248 1063 -
1296 991 1622 1079 ἠθελήκοις
1671 995 1793 1081 ἆρα
1833 1049 1893 1077 -,
1957 1022 2168 1080 quam
2226 1003 2560 1083 populus
2598 1003 2965 1066 Romanus

377 1109 694 1181 cotidie,
740 1104 1039 1168 iudices
1085 1106 1307 1185 etiam
1351 1113 1499 1165 tum
1548 1123 1701 1164 cum
1751 1104 1835 1163 de
1879 1113 1945 1164 te
1993 1103 2423 1165 sententias
2488 1106 2804 1178 ferrent,
2862 1107 2966 1166 vi-

376 1211 685 1283 derent,
721 1201 912 1290 ὁρῷεν
956 1197 1073 1282 ὅρα
1104 1226 1211 1287 pro
1257 1206 1618 1268 ‘omnimodo
1659 1204 2036 1285 aspicerem&
2127 1207 2185 1267 in
2232 1207 2469 1267 eodem:
2531 1208 2651 1284 qni
2694 1208 2966 1269 adduc-

379 1318 495 1371 tus
540 1319 657 1371 est
708 1310 783 1370 in
831 1309 1198 1369 iudicium
1256 1308 1509 1378 verbo,
1568 1307 1800 1385 quod,
1844 1326 2000 1369 eum
2044 1317 2247 1368 esset
2292 1308 2674 1381 tribunus,
2725 1309 2966 1370 inter-

378 1412 757 1473 cessisset
801 1419 1068 1472 contra
1127 1410 1368 1488 legem
1418 1409 1890 1483 Corneliam3
1955 1429 2033 1469 re
2084 1428 2288 1483 vera,
2358 1410 2552 1487 quod
2609 1408 2676 1469 in
2726 1412 2966 1472 tribu-

301 1521 548 1574 nonatu
613 1514 950 1574 dixisset
1005 1520 1259 1573 contra
1334 1510 1656 1571 alicuius
1723 1511 2043 1571 hominis
2107 1510 2394 1571 nobilis
2460 1511 2962 1586 voluntatem,

375 1614 733 1689 dixisset,
779 1609 1007 1692 εἰρήκοι
1049 1601 1184 1690 ἄρα.
1276 1614 1335 1673 in
1376 1612 1611 1673 eodem:
1660 1612 1782 1671 hic
1830 1612 2054 1671 etiam
2094 1612 2470 1691 queritur,
2511 1614 2706 1690 quod
2749 1632 2780 1672 a
2825 1633 2960 1673 no·
3000 1617 3098 1667 112

374 1715 490 1776 bis
537 1736 791 1777 novem
838 1715 1032 1777 solis
1078 1714 1352 1775 diebus
1396 1705 1628 1793 prima
1668 1713 1871 1774 actio
1917 1714 2038 1773 sui
2078 1714 2343 1774 iudicii
2387 1723 2778 1775 transacta
2822 1716 2959 1790 sit,

376 1838 530 1880 cum
573 1820 765 1898 apud
815 1819 1039 1878 istum
1088 1819 1333 1897 ipsum
1377 1815 1629 1875 tribus
1676 1814 1881 1874 horis
1929 1815 2262 1885 Quintus
2305 1814 2680 1896 Opimius,
2739 1836 2961 1877 sena-

375 1928 494 1980 tor
533 1921 805 2000 populi
842 1919 1173 1993 Romani,
1227 1918 1452 1991 bona,
1510 1918 1895 1991 fortunaS,
1937 1926 2367 1977 ornamenta
2408 1917 2645 1978 omnia
2694 1919 2962 1979 ainise-

300 2035 348 2075 ¹5
377 2019 516 2080 rit?
603 2021 698 2080 hic
741 2040 973 2100 quoque
1011 2018 1368 2102 affirlmative
1412 2026 1712 2097 ponuntur
1754 2018 2119 2079 subiunctiva
2162 2019 2356 2079 verba.
2447 2019 2504 2079 in
2553 2020 2790 2082 eodem:
2838 2041 2962 2080 cu-

375 2123 488 2182 ius
555 2130 873 2201 propter
935 2121 1473 2200 indignitatem
1538 2119 1811 2179 iudicii
1879 2119 2337 2199 saepissime
2392 2130 2822 2190 est,actum
2889 2124 2957 2182 iu

373 2232 676 2298 senatu,
737 2235 814 2284 ut
870 2243 1102 2302 genus
1149 2224 1287 2283 hoc
1346 2229 1578 2281 totum
1632 2219 2033 2282 multarum
2078 2230 2297 2298 atque
2336 2222 2699 2283 eiusmodi
2754 2223 2962 2284 iudi-

373 2326 656 2386 ciorum
704 2325 1155 2398 tolleretur,
1201 2326 1335 2397 ειη’,
1380 2323 1512 2404 quia
1565 2342 1671 2401 pro
1713 2321 1816 2380 ἵνα
1857 2322 2170 2401 accipitur,
2233 2322 2664 2385 subiunctivum
2708 2324 2957 2385 attraxit.

369 2427 430 2485 in
495 2426 733 2486 eodem:
813 2427 954 2487 iam
1019 2425 1143 2502 qui
1209 2445 1288 2485 ex
1335 2424 1778 2485 calamitate
1845 2424 2230 2484 senatoris
2296 2425 2560 2504 populi
2618 2425 2957 2500 Romani,

295 2541 532 2587 eccum
592 2537 909 2607 praetor
962 2527 1254 2587 iudicio
1313 2527 1474 2587 eius
1529 2524 2037 2605 praefuisset,
2109 2526 2360 2604 spolia
2420 2526 2698 2587 domum
2757 2546 2956 2588 suam

370 2631 661 2690 referre
707 2638 774 2689 et
814 2625 1268 2712 manussbias
1319 2627 1722 2687 detrahere
1779 2634 2103 2687 conatus
2152 2627 2282 2699 sit,
2345 2627 2406 2687 is
2465 2627 2690 2688 ullam
2751 2629 2957 2688 cala-

369 2732 701 2792 mitatem
751 2751 781 2791 a
845 2750 1020 2790 sese
1081 2730 1373 2810 poterit
1432 2726 1881 2809 deprecari?
1970 2747 2107 2788 ecce
2151 2727 2247 2788 hic
2291 2747 2523 2807 qnoque
2559 2728 2631 2788 de
2678 2748 2742 2788 re
2787 2729 2957 2789 indu-

368 2833 592 2894 bitabili
616 2834 815 2913 posuit
836 2833 1267 2894 subiunctivum
1309 2840 1633 2892 conatus
1677 2831 1811 2907 sit,
1845 2825 2218 2910 ἐπεχείρησεν
2248 2820 2381 2911 ἄρα.
2422 2831 2481 2891 in
2508 2832 2746 2892 eodem:
2773 2831 2957 2893 mul-

369 2942 485 2994 tos
526 2943 674 2995 ate
733 2936 934 2995 viros
979 2933 1384 3014 primarios
1443 2931 1783 3007 audisse,
1844 2951 2003 2992 cum
2056 2932 2392 3008 diceres,
2452 2933 2753 3011 ignosci
2810 2934 2952 2994 tibi

473 3119 478 3124 ·
509 3105 534 3153 1
579 3105 666 3166 qui
702 3105 797 3153 nisi
833 3119 934 3156 uno
971 3119 1172 3167 quoque
1207 3104 1257 3153 Ν
1426 3104 1652 3152 auaratia
1686 3102 1731 3152 R
1910 3108 1997 3151 tua
2043 3118 2134 3152 om.
2176 3102 2240 3152 M
2415 3101 2842 3168 commoveretur]
2880 3105 2955 3154 sic

370 3177 516 3240 etiam
549 3173 650 3226 Cic.
688 3174 806 3223 libri
831 3176 1062 3238 plerique
1099 3182 1500 3226 commoneretur
1538 3175 1669 3236 βαρ.
1710 3171 1779 3221 48
1958 3174 1991 3222 2
2028 3172 2319 3222 tliensuram
2358 3173 2405 3219 D
2444 3174 2717 3223 thensauri]
2762 3175 2818 3222 V
2846 3173 2954 3223 the-

367 3259 574 3293 saurum
619 3243 699 3292 od
732 3253 950 3293 tesarum
993 3243 1040 3291 L
1216 3246 1381 3307 adque
1428 3244 1526 3293 VD
1572 3252 1656 3291 aut
1696 3257 1826 3304 quae
1867 3242 1908 3290 Ο
2079 3257 2266 3307 pompe
2306 3241 2370 3290 M
2534 3236 2783 3307 pompaei
2813 3244 2949 3293 modi

365 3312 592 3447 §.sa
620 3313 689 3431 a
890 3313 1282 3449 &eseam
1574 3371 1971 3444 1
2122 3310 2953 3431 21:21.,f.:‚¹:22¹>s;:t:=.0effl.

503 3455 536 3501 4
574 3452 674 3501 Cic.
717 3468 794 3504 or.
837 3454 869 3500 1.
910 3453 996 3516 59,
1040 3453 1137 3502 154
1297 3453 1416 3515 quia
1449 3452 1502 3499 N
1663 3452 1749 3512 qui
1790 3448 1992 3515 aedem]
2033 3452 2248 3513 quedem
2287 3451 2350 3499 M
2508 3453 2716 3501 academ
2766 3454 2815 3500 V

365 3521 636 3587 furtorum]
679 3537 749 3570 ex
778 3521 1057 3571 futurorum
1097 3520 1235 3576 corr.
1284 3525 1352 3581 V,
1388 3537 1458 3571 εει)
1497 3521 1738 3570 sartorem
1777 3522 1822 3570 R
1974 3533 2173 3571 tuorum
2212 3521 2458 3570 furtorum
2490 3521 2637 3573 codd.
2675 3522 2774 3570 Cic.
2918 3521 2951 3569 5

365 3590 586 3641 uolneris
625 3608 739 3640 esse
779 3591 828 3638 L
1004 3582 1346 3656 ἦθελήκοις]
1390 3606 1430 3638 π
1480 3605 1772 3641 εθεΛηκοιο
1819 3592 1916 3640 VR
1966 3604 2251 3641 gemmante
2293 3589 2340 3636 L
2391 3605 2691 3641 Eonaaxovc
2729 3590 2779 3638 N
2825 3605 2950 3641 nea·

366 3675 530 3709 Ana-rc
582 3663 632 3709 D
681 3674 994 3711 scemenum
1045 3660 1111 3709 M
1168 3676 1465 3712 nosmmmc
1514 3659 1637 3724 (Ο)
1780 3699 1790 3707 .
1833 3677 1948 3710 ma.
2014 3658 2275 3711 VRMDL
2326 3674 2378 3708 ·1·
2434 3660 2609 3725 populi
2657 3663 2851 3709 romani
2899 3661 2950 3709 in

362 3745 453 3794 my.
494 3733 513 3778 l
549 3731 726 3794 populi
768 3732 826 3779 R.
865 3731 966 3780 Cic.
1007 3733 1142 3795 Lag.
1182 3731 1250 3781 29
1286 3738 1335 3780 et
1367 3732 1487 3781 deu.
1541 3729 1722 3794 Populi
1761 3730 1977 3779 Romani
2014 3729 2103 3790 (Ο)
2261 3728 2295 3778 0
2332 3730 2535 3779 cottidie
2581 3731 2635 3779 V
2796 3731 2949 3779 etiam

364 3797 488 3863 tum]
527 3815 556 3847 r
592 3802 741 3849 etiam
781 3808 831 3847 tu
880 3799 1029 3848 VRL
1192 3816 1306 3849 cum
1343 3816 1437 3850 om.
1476 3801 1523 3848 L
1681 3801 1873 3848 sentias
1911 3802 1960 3849 L
1997 3798 2295 3848 sententiam
2332 3799 2451 3848 libri
2491 3802 2593 3850 Cic.
2749 3797 2949 3864 profer-

364 3877 472 3916 rent
508 3868 560 3916 N
711 3866 963 3933 viderent]
1003 3886 1115 3932 sup.
1150 3872 1235 3918 lin.
1267 3870 1387 3919 add.
1416 3886 1447 3916 n
1485 3870 1722 3917 uiderunt
1757 3870 1859 3919 Cic.
1894 3871 2121 3934 plerique
2154 3868 2401 3917 uidebunt
2437 3869 2570 3934 Laq.
2612 3869 2680 3919 29
2715 3884 2820 3917 cum
2855 3870 2948 3917 tri·

361 3937 452 3987 bus
483 3940 603 3988 aliis
775 3939 806 3987 7
837 3953 1023 3989 oron-:n
1072 3939 1286 3989 VRML
1325 3953 1516 3989 oroi-sn
1551 3938 1680 3986 DN,-
1853 3940 2130 4002 aspicireut
2168 3938 2215 3986 L
2389 3938 2491 3988 Cic.
2529 3954 2608 3989 or.
2647 3941 2679 3987 l.
2719 3938 2807 3996 60,
2849 3938 2947 3987 155

500 4009 620 4070 quia
656 4008 837 4057 ductus
877 4010 924 4056 D
974 4010 1096 4071 quid
1135 4010 1386 4058 adductus
1416 4008 1453 4056 d
1609 4007 1643 4057 8
1690 4008 1935 4072 trybunus
1974 4008 2039 4058 M
2085 4008 2317 4057 tribunus
2351 4008 2518 4072 plebis
2552 4008 2673 4057 libri
2704 4008 2807 4058 Cic.

363 4077 702 4126 intercesisset
736 4078 785 4126 L
924 4076 958 4126 9
987 4078 1251 4127 corniliam
1290 4078 1330 4125 L
1497 4093 1548 4124 re
1587 4072 1724 4138 vera]
1766 4092 1858 4130 om.
1897 4078 2044 4127 codd.
2080 4078 2179 4126 Cic.
2218 4091 2271 4125 re
2308 4092 2428 4126 uere
2462 4074 2525 4127 M
2681 4076 2748 4124 10
2783 4075 2946 4124 dixis-

362 4156 438 4195 set
473 4154 523 4195 et
559 4152 732 4196 contra
767 4147 816 4195 L
959 4144 1061 4195 noli
1107 4150 1162 4197 V
1300 4146 1356 4196 ll
1399 4137 1636 4211 εἶρήκοι]
1671 4163 1700 4193 r·
1737 4162 1960 4196 mrnxor
1996 4147 2043 4195 R
2080 4160 2283 4196 ι-’,ιρεκοι
2314 4147 2359 4194 L
2503 4160 2737 4195 mpnxom
2766 4159 2860 4194 Ara
2896 4144 2946 4191 D

499 4218 600 4266 Cic.
631 4231 708 4265 or.
743 4216 778 4269 l.
820 4214 907 4274 60,
950 4216 1048 4265 156
1190 4214 1296 4281 hic]
1337 4219 1380 4265 is
1420 4217 1543 4265 mihi
1581 4216 1758 4265 Cicero
1895 4216 2125 4280 queritur
2159 4214 2321 4264 MNL
2465 4217 2529 4266 12
2568 4213 2765 4279 iudicii]
2801 4230 2832 4263 r
2868 4214 2943 4261 iu-

363 4286 473 4334 ditii
510 4286 556 4334 R
714 4284 774 4333 13
812 4286 963 4333 istum
1002 4301 1092 4334 om.
1128 4287 1274 4338 codd.
1313 4285 1413 4337 Cic.
1576 4286 1636 4334 14
1672 4285 1903 4333 furtunas
1942 4285 1990 4333 L
2027 4284 2229 4333 fortuna
2268 4285 2320 4332 N
2466 4286 2723 4335 amisserit
2760 4283 2808 4331 L

364 4354 427 4404 15
460 4355 796 4404 subiunctaua
840 4356 884 4404 L
1025 4355 1126 4408 Cic.
1165 4371 1241 4404 or.
1283 4358 1318 4406 l.
1354 4354 1441 4416 60,
1481 4355 1579 4404 156
1736 4352 1797 4403 16
1835 4355 2106 4418 sepissime
2142 4354 2258 4404 MN
2408 4354 2470 4403 17
2508 4369 2671 4420 genus
2709 4369 2777 4403 ecc
2812 4365 2944 4416 gnus

361 4438 496 4473 corr.
540 4425 596 4472 V
738 4433 889 4488 atque
926 4440 997 4474 ex
1033 4425 1198 4487 adque
1234 4440 1368 4475 corr.
1408 4425 1458 4472 D
1608 4424 1990 4528 eiusdemmodi·
2018 4423 2068 4471 L
2216 4423 2468 4473 eiusmodi
2505 4419 2829 4487 iudiciorum]
2872 4421 2945 4470 sic

1879 4501 1933 4529 ue
1982 4502 2024 4528 ln

362 4546 463 4597 Cic.
505 4546 637 4611 Laq.
676 4545 744 4595 29
780 4544 1083 4596 iudiciorum
1115 4545 1364 4596 eiusmodi
1403 4546 1518 4594 rell.
1556 4544 1703 4594 codd.
1740 4544 1845 4595 Cic.
1987 4542 2292 4593 iudiciorum
2323 4544 2412 4593 Dd
2552 4543 2616 4595 18
2648 4545 2731 4593 ina
2765 4544 2810 4591 D
2846 4557 2943 4592 ras

362 4630 431 4662 ex
467 4630 605 4665 corr.
644 4615 696 4663 N
733 4614 783 4662 in
818 4612 848 4664 εἶ
887 4615 935 4663 L
1076 4613 1294 4679 attraxit]
1341 4631 1372 4662 r
1404 4614 1624 4663 adtraxit
1669 4614 1835 4663 VRM
1870 4613 2058 4662 atraxit'
2092 4614 2142 4662 L
2301 4611 2364 4663 19
2397 4614 2499 4667 Cic.
2537 4629 2615 4664 or.
2653 4617 2686 4664 1.
2719 4612 2803 4674 60,
2846 4611 2940 4661 157

492 4693 610 4745 post
643 4684 929 4733 calamitate
967 4702 1077 4750 sqq.
1109 4712 1179 4720 —
1215 4686 1549 4733 calamitatem
1582 4699 1656 4732 om
2824 4682 2854 4683 ”
2896 4681 2904 4683 ’

362 4750 455 4801 OD
594 4754 654 4802 21
698 4762 907 4802 conatus
938 4751 1026 4818 sit]
1067 4757 1139 4804 sic
1172 4754 1423 4804 Asconius
1454 4767 1659 4815 per-eom

361 4820 516 4869 uttam
553 4824 616 4871 ab
650 4837 764 4873 sese
801 4822 1137 4873 calamitatem
1177 4824 1353 4873 Cicero
1500 4823 1569 4872 22
1605 4837 1659 4888 pt

360 4903 617 4942 xsxrneax
657 4891 704 4939 L
746 4906 1072 4944 nnsxmrunn
1113 4893 1178 4943 M
1213 4906 1493 4944 annianss
1531 4890 1580 4940 N
