<?xml version="1.0" encoding="UTF-8"?>
<!DOCTYPE html PUBLIC "-//W3C//DTD XHTML 1.0 Transitional//EN"
    "http://www.w3.org/TR/xhtml1/DTD/xhtml1-transitional.dtd">
<html xmlns="http://www.w3.org/1999/xhtml" xml:lang="en" lang="en">
 <head>
  <title>
</title>
<meta http-equiv="Content-Type" content="text/html;charset=utf-8" />
  <meta name='ocr-system' content='tesseract 3.04.00' />
  <meta name='ocr-capabilities' content='ocr_page ocr_carea ocr_par ocr_line ocrx_word'/>
</head>
<body>
  <div class='ocr_page' id='page_1' title='image "./grammaticilatin06hagagoog_0015.png"; bbox 0 0 3576 5595; ppageno 0'>
   <div class='ocr_carea' id='block_1_1' title="bbox 1477 434 2992 513">
    <p class='ocr_par' dir='ltr' id='par_1_1' title="bbox 1477 434 2992 513">
     <span class='ocr_line' id='line_1_1' title="bbox 1477 434 2992 513; baseline -0.009 -13"><span class='ocrx_word' id='word_1_1' title='bbox 1477 434 1893 513; x_wconf 76' lang='lat' dir='ltr'><strong>PRAEFATIO</strong></span> <span class='ocrx_word' id='word_1_2' title='bbox 2874 441 2992 487; x_wconf 77' lang='lat' dir='ltr'>vnn</span> 
     </span>
    </p>
   </div>
   <div class='ocr_carea' id='block_1_2' title="bbox 407 614 2994 1116">
    <p class='ocr_par' dir='ltr' id='par_1_2' title="bbox 407 614 2992 812">
     <span class='ocr_line' id='line_1_2' title="bbox 407 614 2992 707; baseline -0.003 -20"><span class='ocrx_word' id='word_1_3' title='bbox 407 622 518 688; x_wconf 85' lang='lat' dir='ltr'>ille</span> <span class='ocrx_word' id='word_1_4' title='bbox 557 623 835 687; x_wconf 89' lang='lat' dir='ltr'>alieuius</span> <span class='ocrx_word' id='word_1_5' title='bbox 880 619 1224 689; x_wconf 87' lang='lat' dir='ltr'>Krehliani</span> <span class='ocrx_word' id='word_1_6' title='bbox 1269 620 1607 703; x_wconf 73' lang='lat' dir='ltr'><strong>librariae,</strong></span> <span class='ocrx_word' id='word_1_7' title='bbox 1651 622 1766 707; x_wconf 90' lang='lat' dir='ltr'>qui</span> <span class='ocrx_word' id='word_1_8' title='bbox 1794 622 1965 685; x_wconf 88' lang='lat' dir='ltr'>inter</span> <span class='ocrx_word' id='word_1_9' title='bbox 1996 620 2210 707; x_wconf 89' lang='lat' dir='ltr'>ipsum</span> <span class='ocrx_word' id='word_1_10' title='bbox 2247 617 2664 685; x_wconf 88' lang='lat' dir='ltr'>describendi</span> <span class='ocrx_word' id='word_1_11' title='bbox 2706 614 2992 682; x_wconf 85' lang='lat' dir='ltr'>officium</span> 
     </span>
     <span class='ocr_line' id='line_1_3' title="bbox 407 718 1999 812; baseline 0.001 -23"><span class='ocrx_word' id='word_1_12' title='bbox 407 726 747 812; x_wconf 79' lang='lat' dir='ltr'>suspirans</span> <span class='ocrx_word' id='word_1_13' title='bbox 792 718 955 788; x_wconf 75' lang='lat' dir='ltr'>‘ach</span> <span class='ocrx_word' id='word_1_14' title='bbox 1002 722 1208 788; x_wconf 69' lang='lat' dir='ltr'>Gotz’</span> <span class='ocrx_word' id='word_1_15' title='bbox 1253 724 1636 811; x_wconf 86' lang='lat' dir='ltr'>appinxisse</span> <span class='ocrx_word' id='word_1_16' title='bbox 1680 732 1999 791; x_wconf 81' lang='lat' dir='ltr'><strong>narratur.</strong></span> 
     </span>
    </p>

    <p class='ocr_par' dir='ltr' id='par_1_3' title="bbox 408 820 2994 1116">
     <span class='ocr_line' id='line_1_4' title="bbox 577 820 2993 911; baseline -0.003 -22"><span class='ocrx_word' id='word_1_17' title='bbox 577 826 724 910; x_wconf 85' lang='lat' dir='ltr'>Ego</span> <span class='ocrx_word' id='word_1_18' title='bbox 768 848 926 891; x_wconf 85' lang='lat' dir='ltr'>vero</span> <span class='ocrx_word' id='word_1_19' title='bbox 968 825 1140 911; x_wconf 91' lang='lat' dir='ltr'>quod</span> <span class='ocrx_word' id='word_1_20' title='bbox 1174 825 1343 889; x_wconf 89' lang='lat' dir='ltr'>hanc</span> <span class='ocrx_word' id='word_1_21' title='bbox 1385 833 1714 889; x_wconf 82' lang='lat' dir='ltr'><strong>extremae</strong></span> <span class='ocrx_word' id='word_1_22' title='bbox 1758 823 1950 887; x_wconf 88' lang='lat' dir='ltr'>huius</span> <span class='ocrx_word' id='word_1_23' title='bbox 1987 825 2197 910; x_wconf 89' lang='lat' dir='ltr'>partis</span> <span class='ocrx_word' id='word_1_24' title='bbox 2234 824 2707 889; x_wconf 81' lang='lat' dir='ltr'>ordinationem</span> <span class='ocrx_word' id='word_1_25' title='bbox 2745 841 2785 883; x_wconf 89' lang='lat' dir='ltr'>a</span> <span class='ocrx_word' id='word_1_26' title='bbox 2818 820 2993 883; x_wconf 88' lang='lat' dir='ltr'>Pris-</span> 
     </span>
     <span class='ocr_line' id='line_1_5' title="bbox 408 922 2992 1012; baseline -0.003 -20"><span class='ocrx_word' id='word_1_27' title='bbox 408 930 596 992; x_wconf 87' lang='lat' dir='ltr'>ciano</span> <span class='ocrx_word' id='word_1_28' title='bbox 636 927 1000 991; x_wconf 88' lang='lat' dir='ltr'>institutam</span> <span class='ocrx_word' id='word_1_29' title='bbox 1042 927 1436 1009; x_wconf 83' lang='lat' dir='ltr'>invenerim,</span> <span class='ocrx_word' id='word_1_30' title='bbox 1478 949 1609 992; x_wconf 90' lang='lat' dir='ltr'>non</span> <span class='ocrx_word' id='word_1_31' title='bbox 1652 926 1734 991; x_wconf 93' lang='lat' dir='ltr'>ob</span> <span class='ocrx_word' id='word_1_32' title='bbox 1780 928 1990 1012; x_wconf 83' lang='lat' dir='ltr'>ipsam</span> <span class='ocrx_word' id='word_1_33' title='bbox 2034 925 2202 990; x_wconf 90' lang='lat' dir='ltr'>hane</span> <span class='ocrx_word' id='word_1_34' title='bbox 2245 948 2381 991; x_wconf 90' lang='lat' dir='ltr'>rem</span> <span class='ocrx_word' id='word_1_35' title='bbox 2429 946 2586 989; x_wconf 87' lang='lat' dir='ltr'>sane</span> <span class='ocrx_word' id='word_1_36' title='bbox 2629 925 2788 987; x_wconf 87' lang='lat' dir='ltr'>satis</span> <span class='ocrx_word' id='word_1_37' title='bbox 2833 922 2992 986; x_wconf 89' lang='lat' dir='ltr'>levi·</span> 
     </span>
     <span class='ocr_line' id='line_1_6' title="bbox 409 1025 2994 1116; baseline -0.003 -22"><span class='ocrx_word' id='word_1_38' title='bbox 409 1030 678 1094; x_wconf 88' lang='lat' dir='ltr'>densem</span> <span class='ocrx_word' id='word_1_39' title='bbox 738 1034 1149 1116; x_wconf 77' lang='lat' dir='ltr'>perspectam</span> <span class='ocrx_word' id='word_1_40' title='bbox 1206 1027 1501 1113; x_wconf 89' lang='lat' dir='ltr'>gaudeo,</span> <span class='ocrx_word' id='word_1_41' title='bbox 1561 1028 1677 1092; x_wconf 90' lang='lat' dir='ltr'>sed</span> <span class='ocrx_word' id='word_1_42' title='bbox 1730 1027 2022 1112; x_wconf 85' lang='lat' dir='ltr'>gaudeo,</span> <span class='ocrx_word' id='word_1_43' title='bbox 2076 1028 2249 1114; x_wconf 90' lang='lat' dir='ltr'>quod</span> <span class='ocrx_word' id='word_1_44' title='bbox 2310 1026 2463 1091; x_wconf 88' lang='lat' dir='ltr'>inde</span> <span class='ocrx_word' id='word_1_45' title='bbox 2521 1026 2689 1103; x_wconf 80' lang='lat' dir='ltr'>vidi,</span> <span class='ocrx_word' id='word_1_46' title='bbox 2738 1047 2880 1106; x_wconf 76' lang='lat' dir='ltr'>eam</span> <span class='ocrx_word' id='word_1_47' title='bbox 2925 1025 2994 1086; x_wconf 89' lang='lat' dir='ltr'>in</span> 
     </span>
    </p>
   </div>
   <div class='ocr_carea' id='block_1_3' title="bbox 306 1125 2992 1215">
    <p class='ocr_par' dir='ltr' id='par_1_4' title="bbox 306 1125 2992 1215">
     <span class='ocr_line' id='line_1_7' title="bbox 306 1125 2992 1215; baseline -0.002 -20"><span class='ocrx_word' id='word_1_48' title='bbox 306 1206 310 1210; x_wconf 21' lang='lat'><strong>¹</strong></span> <span class='ocrx_word' id='word_1_49' title='bbox 409 1132 750 1196; x_wconf 86' lang='lat' dir='ltr'>Prisciano</span> <span class='ocrx_word' id='word_1_50' title='bbox 814 1129 1213 1195; x_wconf 89' lang='lat' dir='ltr'>recensendo</span> <span class='ocrx_word' id='word_1_51' title='bbox 1279 1139 1472 1215; x_wconf 89' lang='lat' dir='ltr'>atque</span> <span class='ocrx_word' id='word_1_52' title='bbox 1546 1129 1953 1193; x_wconf 89' lang='lat' dir='ltr'>emendando</span> <span class='ocrx_word' id='word_1_53' title='bbox 2022 1130 2372 1210; x_wconf 88' lang='lat' dir='ltr'>rationem,</span> <span class='ocrx_word' id='word_1_54' title='bbox 2438 1149 2629 1215; x_wconf 88' lang='lat' dir='ltr'>quam</span> <span class='ocrx_word' id='word_1_55' title='bbox 2690 1125 2992 1212; x_wconf 87' lang='lat' dir='ltr'>equidem</span> 
     </span>
    </p>
   </div>
   <div class='ocr_carea' id='block_1_4' title="bbox 332 1228 3020 4973">
    <p class='ocr_par' dir='ltr' id='par_1_5' title="bbox 359 1228 3016 1824">
     <span class='ocr_line' id='line_1_8' title="bbox 410 1228 2992 1323; baseline -0.003 -26"><span class='ocrx_word' id='word_1_56' title='bbox 410 1243 672 1323; x_wconf 80' lang='lat' dir='ltr'>secutus</span> <span class='ocrx_word' id='word_1_57' title='bbox 718 1254 893 1314; x_wconf 90' lang='lat' dir='ltr'>sum,</span> <span class='ocrx_word' id='word_1_58' title='bbox 952 1232 1146 1296; x_wconf 88' lang='lat' dir='ltr'>unice</span> <span class='ocrx_word' id='word_1_59' title='bbox 1186 1252 1410 1295; x_wconf 83' lang='lat' dir='ltr'>veram</span> <span class='ocrx_word' id='word_1_60' title='bbox 1462 1252 1625 1295; x_wconf 90' lang='lat' dir='ltr'>esse.</span> <span class='ocrx_word' id='word_1_61' title='bbox 1714 1252 1868 1294; x_wconf 88' lang='lat' dir='ltr'>nam</span> <span class='ocrx_word' id='word_1_62' title='bbox 1920 1241 1994 1295; x_wconf 90' lang='lat' dir='ltr'>ut</span> <span class='ocrx_word' id='word_1_63' title='bbox 2049 1230 2162 1295; x_wconf 88' lang='lat' dir='ltr'>illa</span> <span class='ocrx_word' id='word_1_64' title='bbox 2201 1230 2341 1313; x_wconf 81' lang='lat' dir='ltr'>lex,</span> <span class='ocrx_word' id='word_1_65' title='bbox 2392 1252 2586 1316; x_wconf 87' lang='lat' dir='ltr'>quam</span> <span class='ocrx_word' id='word_1_66' title='bbox 2640 1228 2725 1293; x_wconf 91' lang='lat' dir='ltr'>ad</span> <span class='ocrx_word' id='word_1_67' title='bbox 2779 1229 2992 1313; x_wconf 89' lang='lat' dir='ltr'>ipsum</span> 
     </span>
     <span class='ocr_line' id='line_1_9' title="bbox 412 1322 2992 1421; baseline -0.003 -23"><span class='ocrx_word' id='word_1_68' title='bbox 412 1322 818 1398; x_wconf 76' lang='lat' dir='ltr'>priscianum</span> <span class='ocrx_word' id='word_1_69' title='bbox 852 1332 1269 1398; x_wconf 88' lang='lat' dir='ltr'>referendum</span> <span class='ocrx_word' id='word_1_70' title='bbox 1310 1354 1454 1397; x_wconf 88' lang='lat' dir='ltr'>esse</span> <span class='ocrx_word' id='word_1_71' title='bbox 1489 1331 1836 1396; x_wconf 90' lang='lat' dir='ltr'>nemodum</span> <span class='ocrx_word' id='word_1_72' title='bbox 1875 1332 2165 1419; x_wconf 82' lang='lat' dir='ltr'>negabit,</span> <span class='ocrx_word' id='word_1_73' title='bbox 2207 1333 2555 1421; x_wconf 89' lang='lat' dir='ltr'>perspicue</span> <span class='ocrx_word' id='word_1_74' title='bbox 2587 1339 2736 1395; x_wconf 86' lang='lat' dir='ltr'>ante</span> <span class='ocrx_word' id='word_1_75' title='bbox 2769 1328 2992 1394; x_wconf 84' lang='lat' dir='ltr'>oeulos</span> 
     </span>
     <span class='ocr_line' id='line_1_10' title="bbox 410 1430 2993 1523; baseline -0.003 -23"><span class='ocrx_word' id='word_1_76' title='bbox 410 1438 627 1523; x_wconf 88' lang='lat' dir='ltr'>posita</span> <span class='ocrx_word' id='word_1_77' title='bbox 673 1436 789 1518; x_wconf 88' lang='lat' dir='ltr'>sit,</span> <span class='ocrx_word' id='word_1_78' title='bbox 836 1435 905 1499; x_wconf 93' lang='lat' dir='ltr'>id</span> <span class='ocrx_word' id='word_1_79' title='bbox 943 1457 1019 1500; x_wconf 92' lang='lat' dir='ltr'>eo</span> <span class='ocrx_word' id='word_1_80' title='bbox 1065 1434 1324 1499; x_wconf 89' lang='lat' dir='ltr'>demum</span> <span class='ocrx_word' id='word_1_81' title='bbox 1356 1434 1653 1499; x_wconf 83' lang='lat' dir='ltr'>effectum</span> <span class='ocrx_word' id='word_1_82' title='bbox 1701 1444 1835 1518; x_wconf 88' lang='lat' dir='ltr'>est,</span> <span class='ocrx_word' id='word_1_83' title='bbox 1880 1435 2053 1521; x_wconf 91' lang='lat' dir='ltr'>quod</span> <span class='ocrx_word' id='word_1_84' title='bbox 2088 1435 2386 1521; x_wconf 89' lang='lat' dir='ltr'>equidem</span> <span class='ocrx_word' id='word_1_85' title='bbox 2424 1432 2684 1514; x_wconf 84' lang='lat' dir='ltr'>nonnisi</span> <span class='ocrx_word' id='word_1_86' title='bbox 2730 1430 2838 1511; x_wconf 59' lang='grc' dir='ltr'>Ὦ.</span> <span class='ocrx_word' id='word_1_87' title='bbox 2867 1430 2993 1494; x_wconf 75' lang='lat' dir='ltr'>ST.</span> 
     </span>
     <span class='ocr_line' id='line_1_11' title="bbox 411 1535 2995 1623; baseline -0.002 -22"><span class='ocrx_word' id='word_1_88' title='bbox 411 1539 499 1602; x_wconf 88' lang='lat' dir='ltr'>D.</span> <span class='ocrx_word' id='word_1_89' title='bbox 544 1536 651 1601; x_wconf 57' lang='lat' dir='ltr'>F?</span> <span class='ocrx_word' id='word_1_90' title='bbox 698 1558 843 1601; x_wconf 89' lang='lat' dir='ltr'>esse</span> <span class='ocrx_word' id='word_1_91' title='bbox 887 1539 1147 1622; x_wconf 87' lang='lat' dir='ltr'>putavi,</span> <span class='ocrx_word' id='word_1_92' title='bbox 1192 1536 1264 1601; x_wconf 90' lang='lat' dir='ltr'>id</span> <span class='ocrx_word' id='word_1_93' title='bbox 1305 1545 1405 1600; x_wconf 89' lang='lat' dir='ltr'>est</span> <span class='ocrx_word' id='word_1_94' title='bbox 1442 1537 1617 1623; x_wconf 90' lang='lat' dir='ltr'>quod</span> <span class='ocrx_word' id='word_1_95' title='bbox 1660 1545 1956 1602; x_wconf 81' lang='lat' dir='ltr'>veterum</span> <span class='ocrx_word' id='word_1_96' title='bbox 2003 1558 2079 1600; x_wconf 90' lang='lat' dir='ltr'>ac</span> <span class='ocrx_word' id='word_1_97' title='bbox 2119 1535 2396 1601; x_wconf 88' lang='lat' dir='ltr'>fidorum</span> <span class='ocrx_word' id='word_1_98' title='bbox 2434 1535 2730 1600; x_wconf 87' lang='lat' dir='ltr'>codicum</span> <span class='ocrx_word' id='word_1_99' title='bbox 2772 1555 2995 1597; x_wconf 89' lang='lat' dir='ltr'>manu-</span> 
     </span>
     <span class='ocr_line' id='line_1_12' title="bbox 413 1600 3016 1729; baseline -0.002 -25"><span class='ocrx_word' id='word_1_100' title='bbox 413 1640 800 1725; x_wconf 79' lang='lat' dir='ltr'>scriptorum</span> <span class='ocrx_word' id='word_1_101' title='bbox 842 1639 1297 1706; x_wconf 87' lang='lat' dir='ltr'>auetoritatcm</span> <span class='ocrx_word' id='word_1_102' title='bbox 1342 1648 1603 1703; x_wconf 91' lang='lat' dir='ltr'>secutus</span> <span class='ocrx_word' id='word_1_103' title='bbox 1664 1660 2012 1724; x_wconf 88' lang='lat' dir='ltr'>eorumque</span> <span class='ocrx_word' id='word_1_104' title='bbox 2049 1637 2396 1703; x_wconf 89' lang='lat' dir='ltr'>lectionem</span> <span class='ocrx_word' id='word_1_105' title='bbox 2436 1637 2563 1701; x_wconf 75' lang='lat' dir='ltr'>vel·</span> <span class='ocrx_word' id='word_1_106' title='bbox 2587 1600 3016 1729; x_wconf 51' lang='lat' dir='ltr'>corruptissis‘</span> 
     </span>
     <span class='ocr_line' id='line_1_13' title="bbox 359 1734 2996 1824; baseline -0.003 -15"><span class='ocrx_word' id='word_1_107' title='bbox 359 1807 363 1810; x_wconf 77' lang='grc'>,</span> <span class='ocrx_word' id='word_1_108' title='bbox 416 1763 588 1805; x_wconf 89' lang='lat' dir='ltr'>mam</span> <span class='ocrx_word' id='word_1_109' title='bbox 635 1739 1078 1804; x_wconf 88' lang='lat' dir='ltr'>emendationi</span> <span class='ocrx_word' id='word_1_110' title='bbox 1135 1739 1631 1804; x_wconf 89' lang='lat' dir='ltr'>fundamentum</span> <span class='ocrx_word' id='word_1_111' title='bbox 1687 1740 2108 1821; x_wconf 76' lang='lat' dir='ltr'>substruenS,</span> <span class='ocrx_word' id='word_1_112' title='bbox 2168 1739 2358 1803; x_wconf 93' lang='lat' dir='ltr'>codd.</span> <span class='ocrx_word' id='word_1_113' title='bbox 2405 1738 2758 1803; x_wconf 89' lang='lat' dir='ltr'>deteriores</span> <span class='ocrx_word' id='word_1_114' title='bbox 2802 1745 2870 1800; x_wconf 89' lang='lat' dir='ltr'>at</span> <span class='ocrx_word' id='word_1_115' title='bbox 2914 1734 2996 1824; x_wconf 62' lang='grc' dir='ltr'><strong>αξ6</strong></span> 
     </span>
    </p>

    <p class='ocr_par' dir='ltr' id='par_1_6' title="bbox 332 1714 3020 4973">
     <span class='ocr_line' id='line_1_14' title="bbox 419 1714 3006 1929; baseline -0.002 -22"><span class='ocrx_word' id='word_1_116' title='bbox 419 1843 740 1908; x_wconf 84' lang='lat' dir='ltr'>editiones</span> <span class='ocrx_word' id='word_1_117' title='bbox 828 1840 912 1905; x_wconf 91' lang='lat' dir='ltr'>ad</span> <span class='ocrx_word' id='word_1_118' title='bbox 947 1840 1355 1905; x_wconf 87' lang='lat' dir='ltr'>emendanda</span> <span class='ocrx_word' id='word_1_119' title='bbox 1391 1841 1651 1929; x_wconf 90' lang='lat' dir='ltr'>quidem</span> <span class='ocrx_word' id='word_1_120' title='bbox 1697 1842 1983 1907; x_wconf 88' lang='lat' dir='ltr'>auctoris</span> <span class='ocrx_word' id='word_1_121' title='bbox 2033 1841 2239 1905; x_wconf 88' lang='lat' dir='ltr'>verba</span> <span class='ocrx_word' id='word_1_122' title='bbox 2285 1841 2353 1905; x_wconf 91' lang='lat' dir='ltr'>in</span> <span class='ocrx_word' id='word_1_123' title='bbox 2397 1839 2717 1904; x_wconf 82' lang='lat' dir='ltr'>auxilium</span> <span class='ocrx_word' id='word_1_124' title='bbox 2759 1714 3006 1927; x_wconf 31' lang='lat' dir='ltr'>vocai-</span> 
     </span>
     <span class='ocr_line' id='line_1_15' title="bbox 413 1930 3020 2031; baseline -0.002 -24"><span class='ocrx_word' id='word_1_125' title='bbox 413 1954 610 2031; x_wconf 90' lang='lat' dir='ltr'>atque</span> <span class='ocrx_word' id='word_1_126' title='bbox 654 1942 828 2007; x_wconf 87' lang='lat' dir='ltr'>haud</span> <span class='ocrx_word' id='word_1_127' title='bbox 868 1964 1081 2029; x_wconf 86' lang='lat' dir='ltr'>pauca</span> <span class='ocrx_word' id='word_1_128' title='bbox 1134 1953 1314 2007; x_wconf 89' lang='lat' dir='ltr'>recte</span> <span class='ocrx_word' id='word_1_129' title='bbox 1360 1945 1630 2007; x_wconf 87' lang='lat' dir='ltr'>inventa</span> <span class='ocrx_word' id='word_1_130' title='bbox 1681 1942 1832 2008; x_wconf 90' lang='lat' dir='ltr'>inde</span> <span class='ocrx_word' id='word_1_131' title='bbox 1879 1942 2288 2030; x_wconf 88' lang='lat' dir='ltr'>deprompsi,</span> <span class='ocrx_word' id='word_1_132' title='bbox 2348 1963 2571 2006; x_wconf 87' lang='lat' dir='ltr'>omnes</span> <span class='ocrx_word' id='word_1_133' title='bbox 2616 1961 2773 2005; x_wconf 87' lang='lat' dir='ltr'>vero</span> <span class='ocrx_word' id='word_1_134' title='bbox 2819 1930 3020 2004; x_wconf 53' lang='lat' dir='ltr'>lecti&gt;</span> 
     </span>
     <span class='ocr_line' id='line_1_16' title="bbox 416 2039 2997 2131; baseline -0.002 -22"><span class='ocrx_word' id='word_1_135' title='bbox 416 2067 607 2126; x_wconf 89' lang='lat' dir='ltr'>ones,</span> <span class='ocrx_word' id='word_1_136' title='bbox 656 2066 824 2131; x_wconf 89' lang='lat' dir='ltr'>quae</span> <span class='ocrx_word' id='word_1_137' title='bbox 854 2066 1031 2108; x_wconf 90' lang='lat' dir='ltr'>mero</span> <span class='ocrx_word' id='word_1_138' title='bbox 1067 2045 1337 2109; x_wconf 88' lang='lat' dir='ltr'>arbitrio</span> <span class='ocrx_word' id='word_1_139' title='bbox 1371 2045 1690 2130; x_wconf 84' lang='lat' dir='ltr'>originem</span> <span class='ocrx_word' id='word_1_140' title='bbox 1721 2045 1998 2127; x_wconf 89' lang='lat' dir='ltr'>debent,</span> <span class='ocrx_word' id='word_1_141' title='bbox 2029 2045 2348 2131; x_wconf 87' lang='lat' dir='ltr'>imprimis</span> <span class='ocrx_word' id='word_1_142' title='bbox 2379 2051 2785 2108; x_wconf 85' lang='lat' dir='ltr'>constantem</span> <span class='ocrx_word' id='word_1_143' title='bbox 2816 2039 2997 2105; x_wconf 91' lang='lat' dir='ltr'>illam</span> 
     </span>
     <span class='ocr_line' id='line_1_17' title="bbox 415 2144 2997 2233; baseline -0.002 -23"><span class='ocrx_word' id='word_1_144' title='bbox 415 2147 705 2210; x_wconf 88' lang='lat' dir='ltr'>locorum</span> <span class='ocrx_word' id='word_1_145' title='bbox 740 2145 1139 2211; x_wconf 82' lang='lat' dir='ltr'>Graecorum</span> <span class='ocrx_word' id='word_1_146' title='bbox 1183 2145 1787 2233; x_wconf 80' lang='lat' dir='ltr'>interpolationem,</span> <span class='ocrx_word' id='word_1_147' title='bbox 1836 2168 2002 2233; x_wconf 89' lang='lat' dir='ltr'>quae</span> <span class='ocrx_word' id='word_1_148' title='bbox 2049 2167 2271 2211; x_wconf 87' lang='lat' dir='ltr'>omnes</span> <span class='ocrx_word' id='word_1_149' title='bbox 2301 2146 2635 2232; x_wconf 90' lang='lat' dir='ltr'>hucusque</span> <span class='ocrx_word' id='word_1_150' title='bbox 2680 2144 2997 2208; x_wconf 88' lang='lat' dir='ltr'>editiones</span> 
     </span>
     <span class='ocr_line' id='line_1_18' title="bbox 414 2246 2997 2335; baseline -0.002 -24"><span class='ocrx_word' id='word_1_151' title='bbox 414 2247 563 2333; x_wconf 89' lang='lat' dir='ltr'>plus</span> <span class='ocrx_word' id='word_1_152' title='bbox 603 2249 818 2312; x_wconf 89' lang='lat' dir='ltr'>minus</span> <span class='ocrx_word' id='word_1_153' title='bbox 863 2248 1231 2335; x_wconf 79' lang='lat' dir='ltr'>inquinavit</span> <span class='ocrx_word' id='word_1_154' title='bbox 1268 2269 1522 2335; x_wconf 89' lang='lat' dir='ltr'>quaque</span> <span class='ocrx_word' id='word_1_155' title='bbox 1568 2249 1672 2312; x_wconf 83' lang='lat' dir='ltr'>vel</span> <span class='ocrx_word' id='word_1_156' title='bbox 1720 2247 2141 2334; x_wconf 74' lang='lat' dir='ltr'>SpengeliUS,</span> <span class='ocrx_word' id='word_1_157' title='bbox 2188 2248 2453 2310; x_wconf 89' lang='lat' dir='ltr'>criticus</span> <span class='ocrx_word' id='word_1_158' title='bbox 2510 2246 2997 2331; x_wconf 87' lang='lat' dir='ltr'>sagacissimus,</span> 
     </span>
     <span class='ocr_line' id='line_1_19' title="bbox 415 2346 2997 2438; baseline -0.002 -25"><span class='ocrx_word' id='word_1_159' title='bbox 415 2349 807 2434; x_wconf 85' lang='lat' dir='ltr'>aliquotiens</span> <span class='ocrx_word' id='word_1_160' title='bbox 868 2350 1117 2438; x_wconf 90' lang='lat' dir='ltr'>imponi</span> <span class='ocrx_word' id='word_1_161' title='bbox 1187 2348 1313 2414; x_wconf 89' lang='lat' dir='ltr'>sibi</span> <span class='ocrx_word' id='word_1_162' title='bbox 1375 2370 1607 2435; x_wconf 87' lang='lat' dir='ltr'>passus</span> <span class='ocrx_word' id='word_1_163' title='bbox 1660 2358 1795 2431; x_wconf 90' lang='lat' dir='ltr'>est,</span> <span class='ocrx_word' id='word_1_164' title='bbox 1861 2352 2004 2413; x_wconf 86' lang='lat' dir='ltr'>sine</span> <span class='ocrx_word' id='word_1_165' title='bbox 2069 2347 2206 2412; x_wconf 88' lang='lat' dir='ltr'>ulla</span> <span class='ocrx_word' id='word_1_166' title='bbox 2266 2346 2697 2413; x_wconf 83' lang='lat' dir='ltr'>haesitatione</span> <span class='ocrx_word' id='word_1_167' title='bbox 2764 2346 2997 2410; x_wconf 85' lang='lat' dir='ltr'>abieci.</span> 
     </span>
     <span class='ocr_line' id='line_1_20' title="bbox 414 2447 2997 2538; baseline -0.002 -24"><span class='ocrx_word' id='word_1_168' title='bbox 414 2472 566 2514; x_wconf 88' lang='lat' dir='ltr'>nam</span> <span class='ocrx_word' id='word_1_169' title='bbox 598 2450 665 2514; x_wconf 88' lang='lat' dir='ltr'>id</span> <span class='ocrx_word' id='word_1_170' title='bbox 695 2470 851 2515; x_wconf 86' lang='lat' dir='ltr'>mox</span> <span class='ocrx_word' id='word_1_171' title='bbox 887 2461 1297 2538; x_wconf 87' lang='lat' dir='ltr'>perspectum</span> <span class='ocrx_word' id='word_1_172' title='bbox 1334 2450 1685 2526; x_wconf 85' lang='lat' dir='ltr'>habebam,</span> <span class='ocrx_word' id='word_1_173' title='bbox 1723 2451 2083 2515; x_wconf 83' lang='lat' dir='ltr'>editoribus</span> <span class='ocrx_word' id='word_1_174' title='bbox 2117 2450 2202 2514; x_wconf 90' lang='lat' dir='ltr'>ad</span> <span class='ocrx_word' id='word_1_175' title='bbox 2230 2472 2429 2513; x_wconf 91' lang='lat' dir='ltr'>unum</span> <span class='ocrx_word' id='word_1_176' title='bbox 2461 2448 2761 2514; x_wconf 89' lang='lat' dir='ltr'>omnibus</span> <span class='ocrx_word' id='word_1_177' title='bbox 2793 2447 2997 2512; x_wconf 90' lang='lat' dir='ltr'>libros</span> 
     </span>
     <span class='ocr_line' id='line_1_21' title="bbox 416 2536 2998 2640; baseline -0.002 -24"><span class='ocrx_word' id='word_1_178' title='bbox 416 2574 669 2635; x_wconf 88' lang='lat' dir='ltr'>eorum,</span> <span class='ocrx_word' id='word_1_179' title='bbox 717 2553 829 2639; x_wconf 82' lang='lat' dir='ltr'>qui</span> <span class='ocrx_word' id='word_1_180' title='bbox 872 2552 1067 2617; x_wconf 90' lang='lat' dir='ltr'>hodie</span> <span class='ocrx_word' id='word_1_181' title='bbox 1112 2554 1500 2639; x_wconf 87' lang='lat' dir='ltr'>superstites</span> <span class='ocrx_word' id='word_1_182' title='bbox 1539 2536 1719 2635; x_wconf 82' lang='lat' dir='ltr'>sunt,</span> <span class='ocrx_word' id='word_1_183' title='bbox 1766 2553 2028 2640; x_wconf 90' lang='lat' dir='ltr'>optimis</span> <span class='ocrx_word' id='word_1_184' title='bbox 2073 2551 2371 2617; x_wconf 89' lang='lat' dir='ltr'>meliores</span> <span class='ocrx_word' id='word_1_185' title='bbox 2418 2559 2594 2616; x_wconf 87' lang='lat' dir='ltr'>certe</span> <span class='ocrx_word' id='word_1_186' title='bbox 2638 2550 2721 2614; x_wconf 88' lang='lat' dir='ltr'>ad</span> <span class='ocrx_word' id='word_1_187' title='bbox 2765 2570 2998 2613; x_wconf 89' lang='lat' dir='ltr'>manus</span> 
     </span>
     <span class='ocr_line' id='line_1_22' title="bbox 413 2653 2996 2741; baseline -0.002 -23"><span class='ocrx_word' id='word_1_188' title='bbox 413 2677 546 2718; x_wconf 91' lang='lat' dir='ltr'>non</span> <span class='ocrx_word' id='word_1_189' title='bbox 586 2654 825 2737; x_wconf 84' lang='lat' dir='ltr'>fuisse,</span> <span class='ocrx_word' id='word_1_190' title='bbox 879 2656 1077 2718; x_wconf 88' lang='lat' dir='ltr'>immo</span> <span class='ocrx_word' id='word_1_191' title='bbox 1123 2653 1425 2733; x_wconf 89' lang='lat' dir='ltr'>lacunas,</span> <span class='ocrx_word' id='word_1_192' title='bbox 1485 2676 1647 2739; x_wconf 88' lang='lat' dir='ltr'>quas</span> <span class='ocrx_word' id='word_1_193' title='bbox 1691 2676 1809 2741; x_wconf 89' lang='lat' dir='ltr'>per</span> <span class='ocrx_word' id='word_1_194' title='bbox 1848 2654 2028 2720; x_wconf 86' lang='lat' dir='ltr'>locos</span> <span class='ocrx_word' id='word_1_195' title='bbox 2071 2653 2360 2719; x_wconf 89' lang='lat' dir='ltr'>Graecos</span> <span class='ocrx_word' id='word_1_196' title='bbox 2408 2654 2477 2717; x_wconf 91' lang='lat' dir='ltr'>in</span> <span class='ocrx_word' id='word_1_197' title='bbox 2514 2675 2670 2717; x_wconf 90' lang='lat' dir='ltr'>mss.</span> <span class='ocrx_word' id='word_1_198' title='bbox 2720 2654 2856 2715; x_wconf 87' lang='lat' dir='ltr'>suis</span> <span class='ocrx_word' id='word_1_199' title='bbox 2902 2653 2996 2715; x_wconf 88' lang='lat' dir='ltr'>in·</span> 
     </span>
     <span class='ocr_line' id='line_1_23' title="bbox 414 2753 3000 2843; baseline -0.002 -22"><span class='ocrx_word' id='word_1_200' title='bbox 414 2757 793 2839; x_wconf 83' lang='lat' dir='ltr'>venissent,</span> <span class='ocrx_word' id='word_1_201' title='bbox 852 2753 1269 2821; x_wconf 88' lang='lat' dir='ltr'>lemmatibus</span> <span class='ocrx_word' id='word_1_202' title='bbox 1310 2756 1657 2819; x_wconf 79' lang='lat' dir='ltr'>arbitrario</span> <span class='ocrx_word' id='word_1_203' title='bbox 1703 2765 1770 2821; x_wconf 88' lang='lat' dir='ltr'>et</span> <span class='ocrx_word' id='word_1_204' title='bbox 1809 2757 1894 2821; x_wconf 89' lang='lat' dir='ltr'>ad</span> <span class='ocrx_word' id='word_1_205' title='bbox 1940 2756 2326 2822; x_wconf 85' lang='lat' dir='ltr'>Latinorum</span> <span class='ocrx_word' id='word_1_206' title='bbox 2363 2754 2746 2843; x_wconf 89' lang='lat' dir='ltr'>plerumque</span> <span class='ocrx_word' id='word_1_207' title='bbox 2787 2774 3000 2818; x_wconf 85' lang='lat' dir='ltr'>exem-</span> 
     </span>
     <span class='ocr_line' id='line_1_24' title="bbox 411 2855 3000 2944; baseline -0.002 -23"><span class='ocrx_word' id='word_1_208' title='bbox 411 2857 669 2944; x_wconf 90' lang='lat' dir='ltr'>plorum</span> <span class='ocrx_word' id='word_1_209' title='bbox 701 2880 847 2922; x_wconf 90' lang='lat' dir='ltr'>cum</span> <span class='ocrx_word' id='word_1_210' title='bbox 890 2858 969 2920; x_wconf 89' lang='lat' dir='ltr'>iis</span> <span class='ocrx_word' id='word_1_211' title='bbox 1010 2858 1500 2923; x_wconf 88' lang='lat' dir='ltr'>coniunctorum</span> <span class='ocrx_word' id='word_1_212' title='bbox 1532 2857 1737 2922; x_wconf 86' lang='lat' dir='ltr'>verba</span> <span class='ocrx_word' id='word_1_213' title='bbox 1764 2858 2082 2922; x_wconf 86' lang='lat' dir='ltr'>confectis</span> <span class='ocrx_word' id='word_1_214' title='bbox 2125 2857 2638 2943; x_wconf 83' lang='lat' dir='ltr'>vulgaribusque</span> <span class='ocrx_word' id='word_1_215' title='bbox 2685 2855 3000 2941; x_wconf 83' lang='lat' dir='ltr'>exemplis</span> 
     </span>
     <span class='ocr_line' id='line_1_25' title="bbox 417 2942 3002 3047; baseline -0.001 -26"><span class='ocrx_word' id='word_1_216' title='bbox 417 2959 659 3023; x_wconf 89' lang='lat' dir='ltr'>additis</span> <span class='ocrx_word' id='word_1_217' title='bbox 693 2956 776 3022; x_wconf 89' lang='lat' dir='ltr'>ab</span> <span class='ocrx_word' id='word_1_218' title='bbox 807 2942 888 3023; x_wconf 76' lang='lat' dir='ltr'>iis</span> <span class='ocrx_word' id='word_1_219' title='bbox 923 2980 1067 3023; x_wconf 88' lang='lat' dir='ltr'>esse</span> <span class='ocrx_word' id='word_1_220' title='bbox 1099 2958 1416 3047; x_wconf 84' lang='lat' dir='ltr'>expletas.</span> <span class='ocrx_word' id='word_1_221' title='bbox 1489 2958 1615 3023; x_wconf 87' lang='lat' dir='ltr'>duo</span> <span class='ocrx_word' id='word_1_222' title='bbox 1650 2968 1905 3022; x_wconf 87' lang='lat' dir='ltr'>tantum</span> <span class='ocrx_word' id='word_1_223' title='bbox 1947 2968 2100 3023; x_wconf 89' lang='lat' dir='ltr'>sunt</span> <span class='ocrx_word' id='word_1_224' title='bbox 2135 2959 2291 3040; x_wconf 92' lang='lat' dir='ltr'>loci,</span> <span class='ocrx_word' id='word_1_225' title='bbox 2336 2961 2450 3046; x_wconf 89' lang='lat' dir='ltr'>qui</span> <span class='ocrx_word' id='word_1_226' title='bbox 2482 2981 2568 3023; x_wconf 87' lang='lat' dir='ltr'>ex</span> <span class='ocrx_word' id='word_1_227' title='bbox 2600 2955 3002 3045; x_wconf 87' lang='lat' dir='ltr'>plenioribus</span> 
     </span>
     <span class='ocr_line' id='line_1_26' title="bbox 419 3058 3003 3146; baseline -0.001 -23"><span class='ocrx_word' id='word_1_228' title='bbox 419 3062 697 3126; x_wconf 89' lang='lat' dir='ltr'>fortasse</span> <span class='ocrx_word' id='word_1_229' title='bbox 731 3080 885 3124; x_wconf 86' lang='lat' dir='ltr'>mss.</span> <span class='ocrx_word' id='word_1_230' title='bbox 927 3058 1190 3125; x_wconf 88' lang='lat' dir='ltr'>deducti</span> <span class='ocrx_word' id='word_1_231' title='bbox 1251 3082 1395 3125; x_wconf 91' lang='grc'><strong>6336</strong></span> <span class='ocrx_word' id='word_1_232' title='bbox 1458 3060 1829 3125; x_wconf 82' lang='lat' dir='ltr'>videantur.</span> <span class='ocrx_word' id='word_1_233' title='bbox 1919 3062 2192 3146; x_wconf 83' lang='lat' dir='ltr'>quorum</span> <span class='ocrx_word' id='word_1_234' title='bbox 2242 3060 2438 3135; x_wconf 89' lang='lat' dir='ltr'>alter,</span> <span class='ocrx_word' id='word_1_235' title='bbox 2485 3060 2659 3123; x_wconf 88' lang='lat' dir='ltr'>Isaei</span> <span class='ocrx_word' id='word_1_236' title='bbox 2705 3058 2886 3122; x_wconf 89' lang='lat' dir='ltr'>locus</span> <span class='ocrx_word' id='word_1_237' title='bbox 2934 3059 3003 3120; x_wconf 91' lang='lat' dir='ltr'>in</span> 
     </span>
     <span class='ocr_line' id='line_1_27' title="bbox 418 3160 3003 3248; baseline -0.002 -23"><span class='ocrx_word' id='word_1_238' title='bbox 418 3162 593 3225; x_wconf 87' lang='lat' dir='ltr'>Isaei</span> <span class='ocrx_word' id='word_1_239' title='bbox 636 3160 1041 3225; x_wconf 88' lang='lat' dir='ltr'>orationibus</span> <span class='ocrx_word' id='word_1_240' title='bbox 1085 3161 1548 3248; x_wconf 83' lang='lat' dir='ltr'>superstitibus</span> <span class='ocrx_word' id='word_1_241' title='bbox 1595 3182 1726 3225; x_wconf 90' lang='lat' dir='ltr'>non</span> <span class='ocrx_word' id='word_1_242' title='bbox 1772 3170 2068 3226; x_wconf 85' lang='lat' dir='ltr'>servatus</span> <span class='ocrx_word' id='word_1_243' title='bbox 2082 3211 2101 3245; x_wconf 93' lang='lat'>,</span> <span class='ocrx_word' id='word_1_244' title='bbox 2145 3184 2333 3248; x_wconf 89' lang='lat' dir='ltr'>quem</span> <span class='ocrx_word' id='word_1_245' title='bbox 2378 3161 2625 3226; x_wconf 86' lang='lat' dir='ltr'>Aldina</span> <span class='ocrx_word' id='word_1_246' title='bbox 2664 3160 2864 3224; x_wconf 91' lang='lat' dir='ltr'>editio</span> <span class='ocrx_word' id='word_1_247' title='bbox 2907 3169 3003 3222; x_wconf 90' lang='lat' dir='ltr'>at-</span> 
     </span>
     <span class='ocr_line' id='line_1_28' title="bbox 416 3253 2998 3350; baseline -0.001 -23"><span class='ocrx_word' id='word_1_248' title='bbox 416 3260 568 3327; x_wconf 88' lang='lat' dir='ltr'>tulit</span> <span class='ocrx_word' id='word_1_249' title='bbox 635 3261 783 3347; x_wconf 87' lang='lat' dir='ltr'>(lib.</span> <span class='ocrx_word' id='word_1_250' title='bbox 839 3253 1079 3326; x_wconf 84' lang='lat' dir='ltr'>XVIII</span> <span class='ocrx_word' id='word_1_251' title='bbox 1123 3266 1164 3342; x_wconf 76' lang='lat'><strong>§</strong></span> <span class='ocrx_word' id='word_1_252' title='bbox 1210 3264 1380 3350; x_wconf 86' lang='lat'>158),</span> <span class='ocrx_word' id='word_1_253' title='bbox 1450 3285 1534 3328; x_wconf 81' lang='lat' dir='ltr'>ex</span> <span class='ocrx_word' id='word_1_254' title='bbox 1592 3262 1796 3328; x_wconf 84' lang='lat' dir='ltr'>Suida</span> <span class='ocrx_word' id='word_1_255' title='bbox 1867 3264 2080 3348; x_wconf 89' lang='lat' dir='ltr'>possit</span> <span class='ocrx_word' id='word_1_256' title='bbox 2144 3275 2320 3328; x_wconf 88' lang='lat' dir='ltr'>certe</span> <span class='ocrx_word' id='word_1_257' title='bbox 2383 3263 2764 3349; x_wconf 87' lang='lat' dir='ltr'>desumptus</span> <span class='ocrx_word' id='word_1_258' title='bbox 2821 3283 2998 3343; x_wconf 84' lang='lat' dir='ltr'>esse3</span> 
     </span>
     <span class='ocr_line' id='line_1_29' title="bbox 418 3350 2999 3452; baseline -0.001 -25"><span class='ocrx_word' id='word_1_259' title='bbox 418 3363 877 3450; x_wconf 88' lang='lat' dir='ltr'>Xenophontis</span> <span class='ocrx_word' id='word_1_260' title='bbox 922 3385 1078 3429; x_wconf 87' lang='lat' dir='ltr'>vero</span> <span class='ocrx_word' id='word_1_261' title='bbox 1124 3362 1614 3429; x_wconf 88' lang='lat' dir='ltr'>Hellenicorum</span> <span class='ocrx_word' id='word_1_262' title='bbox 1668 3363 1882 3447; x_wconf 87' lang='lat' dir='ltr'>locus,</span> <span class='ocrx_word' id='word_1_263' title='bbox 1948 3367 2058 3452; x_wconf 90' lang='lat' dir='ltr'>qui</span> <span class='ocrx_word' id='word_1_264' title='bbox 2099 3366 2164 3428; x_wconf 92' lang='lat' dir='ltr'>in</span> <span class='ocrx_word' id='word_1_265' title='bbox 2211 3350 2315 3430; x_wconf 92' lang='lat' dir='ltr'>ed.</span> <span class='ocrx_word' id='word_1_266' title='bbox 2359 3364 2681 3428; x_wconf 87' lang='lat' dir='ltr'>Venetam</span> <span class='ocrx_word' id='word_1_267' title='bbox 2727 3385 2787 3427; x_wconf 89' lang='lat' dir='ltr'>a.</span> <span class='ocrx_word' id='word_1_268' title='bbox 2840 3366 2999 3426; x_wconf 81' lang='lat'>1492</span> 
     </span>
     <span class='ocr_line' id='line_1_30' title="bbox 417 3463 3001 3552; baseline -0 -24"><span class='ocrx_word' id='word_1_269' title='bbox 417 3467 703 3529; x_wconf 89' lang='lat' dir='ltr'>insertus</span> <span class='ocrx_word' id='word_1_270' title='bbox 749 3474 868 3546; x_wconf 88' lang='lat' dir='ltr'>est,</span> <span class='ocrx_word' id='word_1_271' title='bbox 915 3465 1027 3530; x_wconf 88' lang='lat' dir='ltr'>lib.</span> <span class='ocrx_word' id='word_1_272' title='bbox 1059 3463 1298 3528; x_wconf 88' lang='lat' dir='ltr'>XVIII</span> <span class='ocrx_word' id='word_1_273' title='bbox 1338 3468 1377 3546; x_wconf 65' lang='grc' dir='ltr'>ξ</span> <span class='ocrx_word' id='word_1_274' title='bbox 1410 3467 1552 3547; x_wconf 84' lang='grc'>200,</span> <span class='ocrx_word' id='word_1_275' title='bbox 1599 3465 1905 3531; x_wconf 86' lang='lat' dir='ltr'>undecim</span> <span class='ocrx_word' id='word_1_276' title='bbox 1947 3468 2137 3530; x_wconf 85' lang='lat' dir='ltr'>annis</span> <span class='ocrx_word' id='word_1_277' title='bbox 2179 3475 2330 3530; x_wconf 91' lang='lat' dir='ltr'>ante</span> <span class='ocrx_word' id='word_1_278' title='bbox 2362 3487 2556 3552; x_wconf 88' lang='lat' dir='ltr'>quam</span> <span class='ocrx_word' id='word_1_279' title='bbox 2601 3466 2745 3551; x_wconf 88' lang='lat' dir='ltr'>ipsa</span> <span class='ocrx_word' id='word_1_280' title='bbox 2789 3463 3001 3528; x_wconf 90' lang='lat' dir='ltr'>Helle-</span> 
     </span>
     <span class='ocr_line' id='line_1_31' title="bbox 418 3566 3001 3653; baseline -0 -23"><span class='ocrx_word' id='word_1_281' title='bbox 418 3568 569 3631; x_wconf 88' lang='lat' dir='ltr'>nica</span> <span class='ocrx_word' id='word_1_282' title='bbox 609 3567 788 3652; x_wconf 82' lang='lat' dir='ltr'>typis</span> <span class='ocrx_word' id='word_1_283' title='bbox 830 3566 1389 3645; x_wconf 81' lang='lat' dir='ltr'>describerentur,</span> <span class='ocrx_word' id='word_1_284' title='bbox 1450 3588 1536 3631; x_wconf 85' lang='lat' dir='ltr'>ex</span> <span class='ocrx_word' id='word_1_285' title='bbox 1580 3567 1723 3633; x_wconf 89' lang='lat' dir='ltr'>cod.</span> <span class='ocrx_word' id='word_1_286' title='bbox 1770 3567 2257 3632; x_wconf 90' lang='lat' dir='ltr'>Hellenicorum</span> <span class='ocrx_word' id='word_1_287' title='bbox 2301 3591 2419 3632; x_wconf 89' lang='lat' dir='ltr'>ms.</span> <span class='ocrx_word' id='word_1_288' title='bbox 2476 3567 2772 3653; x_wconf 89' lang='lat' dir='ltr'>depromi</span> <span class='ocrx_word' id='word_1_289' title='bbox 2827 3575 3001 3630; x_wconf 90' lang='lat' dir='ltr'>certe</span> 
     </span>
     <span class='ocr_line' id='line_1_32' title="bbox 414 3666 3001 3754; baseline -0 -22"><span class='ocrx_word' id='word_1_290' title='bbox 414 3669 657 3754; x_wconf 90' lang='lat' dir='ltr'>potuit,</span> <span class='ocrx_word' id='word_1_291' title='bbox 705 3688 1093 3753; x_wconf 89' lang='lat' dir='ltr'>quamquam</span> <span class='ocrx_word' id='word_1_292' title='bbox 1133 3666 1407 3732; x_wconf 89' lang='lat' dir='ltr'>lacunae</span> <span class='ocrx_word' id='word_1_293' title='bbox 1450 3668 1728 3734; x_wconf 89' lang='lat' dir='ltr'>alicuius</span> <span class='ocrx_word' id='word_1_294' title='bbox 1777 3671 1849 3733; x_wconf 90' lang='lat' dir='ltr'>in</span> <span class='ocrx_word' id='word_1_295' title='bbox 1885 3669 2226 3734; x_wconf 87' lang='lat' dir='ltr'>Prisciano</span> <span class='ocrx_word' id='word_1_296' title='bbox 2270 3678 2423 3735; x_wconf 87' lang='lat' dir='ltr'>nota</span> <span class='ocrx_word' id='word_1_297' title='bbox 2454 3669 2517 3733; x_wconf 92' lang='lat' dir='ltr'>h.</span> <span class='ocrx_word' id='word_1_298' title='bbox 2555 3666 2599 3734; x_wconf 90' lang='lat' dir='ltr'>l.</span> <span class='ocrx_word' id='word_1_299' title='bbox 2630 3691 2713 3732; x_wconf 90' lang='lat' dir='ltr'>ne</span> <span class='ocrx_word' id='word_1_300' title='bbox 2760 3669 3001 3733; x_wconf 90' lang='lat' dir='ltr'>nostris</span> 
     </span>
     <span class='ocr_line' id='line_1_33' title="bbox 332 3767 3002 3858; baseline -0 -25"><span class='ocrx_word' id='word_1_301' title='bbox 332 3779 344 3786; x_wconf 83' lang='lat'>‘</span> <span class='ocrx_word' id='word_1_302' title='bbox 417 3769 680 3854; x_wconf 89' lang='lat' dir='ltr'>quidem</span> <span class='ocrx_word' id='word_1_303' title='bbox 714 3767 902 3832; x_wconf 91' lang='lat' dir='ltr'>libris</span> <span class='ocrx_word' id='word_1_304' title='bbox 928 3771 1190 3833; x_wconf 91' lang='lat' dir='ltr'>omnino</span> <span class='ocrx_word' id='word_1_305' title='bbox 1218 3768 1423 3833; x_wconf 86' lang='lat' dir='ltr'>deest.</span> <span class='ocrx_word' id='word_1_306' title='bbox 1473 3780 1541 3834; x_wconf 91' lang='lat' dir='ltr'>at</span> <span class='ocrx_word' id='word_1_307' title='bbox 1575 3770 1877 3858; x_wconf 82' lang='lat' dir='ltr'>exempla</span> <span class='ocrx_word' id='word_1_308' title='bbox 1900 3772 2060 3835; x_wconf 89' lang='lat' dir='ltr'>haec</span> <span class='ocrx_word' id='word_1_309' title='bbox 2087 3771 2282 3858; x_wconf 90' lang='lat' dir='ltr'>plane</span> <span class='ocrx_word' id='word_1_310' title='bbox 2309 3770 2698 3856; x_wconf 88' lang='lat' dir='ltr'>singularia,</span> <span class='ocrx_word' id='word_1_311' title='bbox 2724 3770 3002 3851; x_wconf 89' lang='lat' dir='ltr'>etiamsi,</span> 
     </span>
     <span class='ocr_line' id='line_1_34' title="bbox 419 3864 3003 3959; baseline 0 -26"><span class='ocrx_word' id='word_1_312' title='bbox 419 3870 591 3957; x_wconf 90' lang='lat' dir='ltr'>quod</span> <span class='ocrx_word' id='word_1_313' title='bbox 636 3870 706 3933; x_wconf 91' lang='lat' dir='ltr'>in</span> <span class='ocrx_word' id='word_1_314' title='bbox 749 3868 1284 3935; x_wconf 88' lang='lat' dir='ltr'>adnotationibus</span> <span class='ocrx_word' id='word_1_315' title='bbox 1323 3871 1410 3935; x_wconf 88' lang='lat' dir='ltr'>ad</span> <span class='ocrx_word' id='word_1_316' title='bbox 1451 3873 1569 3937; x_wconf 92' lang='lat' dir='ltr'>hos</span> <span class='ocrx_word' id='word_1_317' title='bbox 1607 3864 1785 3937; x_wconf 85' lang='lat' dir='ltr'>locos</span> <span class='ocrx_word' id='word_1_318' title='bbox 1824 3873 2209 3959; x_wconf 89' lang='lat' dir='ltr'>conscriptis</span> <span class='ocrx_word' id='word_1_319' title='bbox 2256 3875 2451 3937; x_wconf 91' lang='lat' dir='ltr'>nimis</span> <span class='ocrx_word' id='word_1_320' title='bbox 2496 3872 2775 3938; x_wconf 88' lang='lat' dir='ltr'>fortasse</span> <span class='ocrx_word' id='word_1_321' title='bbox 2818 3892 3003 3957; x_wconf 88' lang='lat' dir='ltr'>prae-</span> 
     </span>
     <span class='ocr_line' id='line_1_35' title="bbox 419 3970 3001 4061; baseline 0 -27"><span class='ocrx_word' id='word_1_322' title='bbox 419 3971 625 4035; x_wconf 87' lang='lat' dir='ltr'>fracte</span> <span class='ocrx_word' id='word_1_323' title='bbox 676 3971 949 4054; x_wconf 82' lang='lat' dir='ltr'>negavi,</span> <span class='ocrx_word' id='word_1_324' title='bbox 1012 3970 1097 4035; x_wconf 88' lang='lat' dir='ltr'>ad</span> <span class='ocrx_word' id='word_1_325' title='bbox 1142 3994 1297 4037; x_wconf 90' lang='lat' dir='ltr'>mss.</span> <span class='ocrx_word' id='word_1_326' title='bbox 1343 3973 1760 4038; x_wconf 87' lang='lat' dir='ltr'>Priscianeos</span> <span class='ocrx_word' id='word_1_327' title='bbox 1802 3996 1933 4038; x_wconf 88' lang='lat' dir='ltr'>uno</span> <span class='ocrx_word' id='word_1_328' title='bbox 1979 3974 2271 4040; x_wconf 89' lang='lat' dir='ltr'>alterove</span> <span class='ocrx_word' id='word_1_329' title='bbox 2324 3973 2464 4039; x_wconf 92' lang='lat' dir='ltr'>loco</span> <span class='ocrx_word' id='word_1_330' title='bbox 2511 3974 2838 4061; x_wconf 85' lang='lat' dir='ltr'>pleniores</span> <span class='ocrx_word' id='word_1_331' title='bbox 2891 3995 3001 4036; x_wconf 88' lang='lat' dir='ltr'>eos</span> 
     </span>
     <span class='ocr_line' id='line_1_36' title="bbox 415 4072 3005 4158; baseline 0 -22"><span class='ocrx_word' id='word_1_332' title='bbox 415 4073 701 4153; x_wconf 87' lang='lat' dir='ltr'>referas,</span> <span class='ocrx_word' id='word_1_333' title='bbox 746 4072 1003 4136; x_wconf 89' lang='lat' dir='ltr'>etiamsi</span> <span class='ocrx_word' id='word_1_334' title='bbox 1040 4095 1239 4138; x_wconf 90' lang='lat' dir='ltr'>unum</span> <span class='ocrx_word' id='word_1_335' title='bbox 1286 4075 1648 4140; x_wconf 85' lang='lat' dir='ltr'>alterumve</span> <span class='ocrx_word' id='word_1_336' title='bbox 1692 4075 1925 4140; x_wconf 91' lang='lat' dir='ltr'>iisdem</span> <span class='ocrx_word' id='word_1_337' title='bbox 1971 4075 2343 4140; x_wconf 88' lang='lat' dir='ltr'>addendum</span> <span class='ocrx_word' id='word_1_338' title='bbox 2388 4097 2532 4139; x_wconf 90' lang='lat' dir='ltr'>esse</span> <span class='ocrx_word' id='word_1_339' title='bbox 2578 4097 2664 4138; x_wconf 84' lang='lat' dir='ltr'>ex</span> <span class='ocrx_word' id='word_1_340' title='bbox 2703 4074 3005 4158; x_wconf 85' lang='lat' dir='ltr'>vestigiis</span> 
     </span>
     <span class='ocr_line' id='line_1_37' title="bbox 417 4173 3004 4262; baseline 0 -26"><span class='ocrx_word' id='word_1_341' title='bbox 417 4173 818 4239; x_wconf 87' lang='lat' dir='ltr'>tenuissimis</span> <span class='ocrx_word' id='word_1_342' title='bbox 858 4182 922 4238; x_wconf 92' lang='lat' dir='ltr'>et</span> <span class='ocrx_word' id='word_1_343' title='bbox 950 4196 1054 4238; x_wconf 90' lang='lat' dir='ltr'>me</span> <span class='ocrx_word' id='word_1_344' title='bbox 1083 4176 1297 4240; x_wconf 90' lang='lat' dir='ltr'>iudice</span> <span class='ocrx_word' id='word_1_345' title='bbox 1326 4176 1672 4242; x_wconf 86' lang='lat' dir='ltr'>fallacibus</span> <span class='ocrx_word' id='word_1_346' title='bbox 1710 4177 2101 4258; x_wconf 86' lang='lat' dir='ltr'>contendas,</span> <span class='ocrx_word' id='word_1_347' title='bbox 2130 4199 2392 4243; x_wconf 88' lang='lat' dir='ltr'>normae</span> <span class='ocrx_word' id='word_1_348' title='bbox 2422 4177 2714 4262; x_wconf 87' lang='lat' dir='ltr'>generali</span> <span class='ocrx_word' id='word_1_349' title='bbox 2746 4197 2786 4238; x_wconf 91' lang='lat' dir='ltr'>a</span> <span class='ocrx_word' id='word_1_350' title='bbox 2814 4173 3004 4240; x_wconf 89' lang='lat' dir='ltr'>nobis</span> 
     </span>
     <span class='ocr_line' id='line_1_38' title="bbox 416 4275 3004 4365; baseline 0.001 -27"><span class='ocrx_word' id='word_1_351' title='bbox 416 4275 787 4360; x_wconf 87' lang='lat' dir='ltr'>propositae</span> <span class='ocrx_word' id='word_1_352' title='bbox 850 4284 917 4338; x_wconf 91' lang='lat' dir='ltr'>et</span> <span class='ocrx_word' id='word_1_353' title='bbox 981 4276 1125 4362; x_wconf 90' lang='lat' dir='ltr'>ipso</span> <span class='ocrx_word' id='word_1_354' title='bbox 1190 4277 1300 4341; x_wconf 90' lang='lat' dir='ltr'>illo</span> <span class='ocrx_word' id='word_1_355' title='bbox 1360 4277 1588 4343; x_wconf 90' lang='lat' dir='ltr'>ordine</span> <span class='ocrx_word' id='word_1_356' title='bbox 1647 4278 2057 4365; x_wconf 86' lang='lat' dir='ltr'>alphabetico</span> <span class='ocrx_word' id='word_1_357' title='bbox 2126 4281 2426 4343; x_wconf 89' lang='lat' dir='ltr'>restituto</span> <span class='ocrx_word' id='word_1_358' title='bbox 2492 4277 2807 4363; x_wconf 88' lang='lat' dir='ltr'>probatae</span> <span class='ocrx_word' id='word_1_359' title='bbox 2871 4299 3004 4340; x_wconf 89' lang='lat' dir='ltr'>non</span> 
     </span>
     <span class='ocr_line' id='line_1_39' title="bbox 418 4375 3002 4465; baseline 0.001 -25"><span class='ocrx_word' id='word_1_360' title='bbox 418 4375 749 4440; x_wconf 88' lang='lat' dir='ltr'>officiunt:</span> <span class='ocrx_word' id='word_1_361' title='bbox 789 4376 1111 4461; x_wconf 89' lang='lat' dir='ltr'>quomodo</span> <span class='ocrx_word' id='word_1_362' title='bbox 1149 4387 1444 4442; x_wconf 89' lang='lat' dir='ltr'>veterum</span> <span class='ocrx_word' id='word_1_363' title='bbox 1483 4380 1742 4446; x_wconf 90' lang='lat' dir='ltr'>illorum</span> <span class='ocrx_word' id='word_1_364' title='bbox 1783 4379 2102 4444; x_wconf 87' lang='lat' dir='ltr'>editorum</span> <span class='ocrx_word' id='word_1_365' title='bbox 2138 4382 2639 4465; x_wconf 87' lang='lat' dir='ltr'>sagacissimus,</span> <span class='ocrx_word' id='word_1_366' title='bbox 2686 4378 3002 4443; x_wconf 89' lang='lat' dir='ltr'>Aldinum</span> 
     </span>
     <span class='ocr_line' id='line_1_40' title="bbox 417 4477 3004 4568; baseline 0.001 -27"><span class='ocrx_word' id='word_1_367' title='bbox 417 4477 596 4557; x_wconf 86' lang='lat' dir='ltr'>dice,</span> <span class='ocrx_word' id='word_1_368' title='bbox 642 4498 780 4540; x_wconf 90' lang='lat' dir='ltr'>rem</span> <span class='ocrx_word' id='word_1_369' title='bbox 820 4477 1182 4543; x_wconf 87' lang='lat' dir='ltr'>absolverit</span> <span class='ocrx_word' id='word_1_370' title='bbox 1223 4488 1430 4565; x_wconf 89' lang='lat' dir='ltr'>patet,</span> <span class='ocrx_word' id='word_1_371' title='bbox 1488 4483 1544 4545; x_wconf 91' lang='lat' dir='ltr'>si</span> <span class='ocrx_word' id='word_1_372' title='bbox 1589 4491 1949 4545; x_wconf 82' lang='lat' dir='ltr'>extremam</span> <span class='ocrx_word' id='word_1_373' title='bbox 1994 4481 2234 4547; x_wconf 89' lang='lat' dir='ltr'>laboris</span> <span class='ocrx_word' id='word_1_374' title='bbox 2289 4483 2428 4546; x_wconf 88' lang='lat' dir='ltr'>eius</span> <span class='ocrx_word' id='word_1_375' title='bbox 2468 4490 2722 4568; x_wconf 89' lang='lat' dir='ltr'>partem</span> <span class='ocrx_word' id='word_1_376' title='bbox 2768 4481 2922 4566; x_wconf 86' lang='lat' dir='ltr'>inde</span> <span class='ocrx_word' id='word_1_377' title='bbox 2963 4503 3004 4544; x_wconf 89' lang='lat' dir='ltr'>a</span> 
     </span>
     <span class='ocr_line' id='line_1_41' title="bbox 418 4577 3002 4669; baseline 0.002 -26"><span class='ocrx_word' id='word_1_378' title='bbox 418 4577 532 4643; x_wconf 88' lang='lat' dir='ltr'>lib.</span> <span class='ocrx_word' id='word_1_379' title='bbox 578 4577 820 4642; x_wconf 88' lang='lat' dir='ltr'>XVIII</span> <span class='ocrx_word' id='word_1_380' title='bbox 865 4584 904 4660; x_wconf 65' lang='grc' dir='ltr'><strong>ἓ</strong></span> <span class='ocrx_word' id='word_1_381' title='bbox 948 4581 1104 4661; x_wconf 83' lang='grc'>252,</span> <span class='ocrx_word' id='word_1_382' title='bbox 1157 4579 1272 4644; x_wconf 91' lang='lat' dir='ltr'>ubi</span> <span class='ocrx_word' id='word_1_383' title='bbox 1310 4580 1639 4667; x_wconf 87' lang='lat' dir='ltr'>perbonus</span> <span class='ocrx_word' id='word_1_384' title='bbox 1698 4583 1868 4647; x_wconf 91' lang='lat' dir='ltr'>liber</span> <span class='ocrx_word' id='word_1_385' title='bbox 1911 4582 2239 4665; x_wconf 63' lang='lat' dir='ltr'>Gallicm,</span> <span class='ocrx_word' id='word_1_386' title='bbox 2304 4605 2430 4669; x_wconf 90' lang='lat' dir='ltr'>quo</span> <span class='ocrx_word' id='word_1_387' title='bbox 2477 4605 2554 4648; x_wconf 93' lang='lat' dir='ltr'>eo</span> <span class='ocrx_word' id='word_1_388' title='bbox 2593 4605 2800 4669; x_wconf 90' lang='lat' dir='ltr'>usque</span> <span class='ocrx_word' id='word_1_389' title='bbox 2844 4604 3002 4647; x_wconf 90' lang='lat' dir='ltr'>usus</span> 
     </span>
     <span class='ocr_line' id='line_1_42' title="bbox 419 4679 3004 4771; baseline 0.002 -29"><span class='ocrx_word' id='word_1_390' title='bbox 419 4687 587 4760; x_wconf 86' lang='lat' dir='ltr'>erat,</span> <span class='ocrx_word' id='word_1_391' title='bbox 656 4701 807 4743; x_wconf 90' lang='lat' dir='ltr'>eum</span> <span class='ocrx_word' id='word_1_392' title='bbox 875 4679 1151 4763; x_wconf 88' lang='lat' dir='ltr'>defecit,</span> <span class='ocrx_word' id='word_1_393' title='bbox 1217 4703 1365 4744; x_wconf 90' lang='lat' dir='ltr'>cum</span> <span class='ocrx_word' id='word_1_394' title='bbox 1418 4683 1964 4768; x_wconf 89' lang='lat' dir='ltr'>praecedentibus</span> <span class='ocrx_word' id='word_1_395' title='bbox 2021 4706 2391 4771; x_wconf 89' lang='lat' dir='ltr'>compares:</span> <span class='ocrx_word' id='word_1_396' title='bbox 2462 4695 2794 4750; x_wconf 82' lang='lat' dir='ltr'>extremae</span> <span class='ocrx_word' id='word_1_397' title='bbox 2851 4683 3004 4747; x_wconf 91' lang='lat' dir='ltr'>huic</span> 
     </span>
     <span class='ocr_line' id='line_1_43' title="bbox 417 4778 2999 4871; baseline 0.003 -30"><span class='ocrx_word' id='word_1_398' title='bbox 417 4780 586 4864; x_wconf 88' lang='lat' dir='ltr'>parti</span> <span class='ocrx_word' id='word_1_399' title='bbox 631 4778 784 4845; x_wconf 90' lang='lat' dir='ltr'>libri</span> <span class='ocrx_word' id='word_1_400' title='bbox 835 4782 1148 4867; x_wconf 79' lang='lat' dir='ltr'>imprimis</span> <span class='ocrx_word' id='word_1_401' title='bbox 1193 4782 1599 4868; x_wconf 88' lang='lat' dir='ltr'>Scaligerani</span> <span class='ocrx_word' id='word_1_402' title='bbox 1651 4785 2002 4850; x_wconf 88' lang='lat' dir='ltr'>collatione</span> <span class='ocrx_word' id='word_1_403' title='bbox 2060 4785 2410 4871; x_wconf 89' lang='lat' dir='ltr'>diligenter</span> <span class='ocrx_word' id='word_1_404' title='bbox 2465 4786 2763 4850; x_wconf 81' lang='lat' dir='ltr'>adhibita</span> <span class='ocrx_word' id='word_1_405' title='bbox 2812 4806 2999 4871; x_wconf 90' lang='lat' dir='ltr'>opem</span> 
     </span>
     <span class='ocr_line' id='line_1_44' title="bbox 420 4880 3001 4973; baseline 0.005 -32"><span class='ocrx_word' id='word_1_406' title='bbox 420 4880 639 4946; x_wconf 84' lang='lat' dir='ltr'>attulit</span> <span class='ocrx_word' id='word_1_407' title='bbox 679 4881 911 4946; x_wconf 87' lang='lat' dir='ltr'>Helias</span> <span class='ocrx_word' id='word_1_408' title='bbox 954 4882 1326 4947; x_wconf 87' lang='lat' dir='ltr'>Putschius.</span> <span class='ocrx_word' id='word_1_409' title='bbox 1416 4884 1653 4973; x_wconf 88' lang='lat' dir='ltr'>quodsi</span> <span class='ocrx_word' id='word_1_410' title='bbox 1697 4887 1900 4972; x_wconf 88' lang='lat' dir='ltr'>igitur</span> <span class='ocrx_word' id='word_1_411' title='bbox 1943 4887 2083 4950; x_wconf 90' lang='lat' dir='ltr'>iure</span> <span class='ocrx_word' id='word_1_412' title='bbox 2113 4906 2247 4950; x_wconf 76' lang='lat' dir='ltr'>suo</span> <span class='ocrx_word' id='word_1_413' title='bbox 2290 4885 2639 4952; x_wconf 88' lang='lat' dir='ltr'>Dobraeus</span> <span class='ocrx_word' id='word_1_414' title='bbox 2687 4885 2771 4950; x_wconf 90' lang='lat' dir='ltr'>ad</span> <span class='ocrx_word' id='word_1_415' title='bbox 2814 4887 3001 4954; x_wconf 86' lang='lat' dir='ltr'>Aris·</span> 
     </span>
    </p>
   </div>
   <div class='ocr_carea' id='block_1_5' title="bbox 3021 1592 3414 1659">
    <p class='ocr_par' dir='ltr' id='par_1_7' title="bbox 3021 1592 3414 1659">
     <span class='ocr_line' id='line_1_45' title="bbox 3021 1592 3346 1629; baseline 0 -10"><span class='ocrx_word' id='word_1_416' title='bbox 3021 1592 3346 1629; x_wconf 23' lang='lat' dir='ltr'>f-fflq--fflqa</span> 
     </span>
     <span class='ocr_line' id='line_1_46' title="bbox 3287 1630 3414 1659; baseline -0.016 0"><span class='ocrx_word' id='word_1_417' title='bbox 3287 1648 3292 1659; x_wconf 75' lang='grc' dir='ltr'>Ι</span> <span class='ocrx_word' id='word_1_418' title='bbox 3357 1630 3414 1657; x_wconf 38' lang='lat' dir='ltr'>Nx</span> 
     </span>
    </p>
   </div>
   <div class='ocr_carea' id='block_1_6' title="bbox 3069 1626 3190 1674">
    <p class='ocr_par' dir='ltr' id='par_1_8' title="bbox 3069 1626 3190 1674">
     <span class='ocr_line' id='line_1_47' title="bbox 3069 1626 3190 1674; baseline -0.041 0"><span class='ocrx_word' id='word_1_419' title='bbox 3069 1626 3190 1674; x_wconf 54' lang='grc'><strong>’1.1.</strong></span> 
     </span>
    </p>
   </div>
  </div>
 </body>
</html>
