3576 5595
468 1620 534 1670 57

581 397 699 458 142
1218 422 1226 431 ·
1553 394 1922 457 PRISCIANI
1983 395 2172 457 INST.

680 526 722 566 p.
755 512 867 554 1063.
893 513 943 553 6⁴
973 511 1017 554 r.
2765 523 2809 562 p.
2839 511 2901 552 ss.
2929 511 2981 552 as
3011 511 3062 553 κ.

578 584 734 645 mina
784 602 902 644 non
957 582 1287 661 aliquorum
1340 580 1773 661 praedictorum
1829 581 1959 642 loco
2015 582 2346 658 nominum,
2392 582 2686 661 quomodo
2738 582 3010 656 relativa,
3057 583 3167 646 sed

573 705 807 761 eorum,
855 703 1004 763 quae
1046 684 1295 764 proferri
1341 684 1792 745 demonstrative
1834 704 1949 745 non
1993 693 2276 765 possunt,
2315 685 2711 765 accipiuntur,
2758 685 2995 747 relativa
3026 707 3167 747 vero

571 788 1004 868 praedictorum
1050 786 1281 865 quidem
1330 785 1461 846 loco
1506 787 1842 860 nominum,
1897 787 2001 849 sed
2044 805 2194 865 quae
2239 787 2448 848 iterum
2493 787 2678 866 accipi
2726 807 2845 849 non
2889 798 3162 869 possunt.

573 889 622 949 si
674 890 807 967 quis
842 888 1017 978 'enim
1075 907 1180 968 pro
1249 888 1418 968 ‘ipse
1477 887 1681 949 reiecit
1735 888 1941 949 oculos
2000 888 2249 962 claros’,
2301 895 2481 968 ponat
2534 889 2743 950 iterum
2804 890 3185 972 ‘luppiter’‚‘

573 1011 689 1051 non
736 990 956 1069 colligit
999 990 1145 1051 duas
1190 990 1485 1051 orationes
1533 990 1604 1050 ad
1650 989 1873 1062 lovem,
1936 991 2039 1051 sed
2096 990 2264 1068 quasi
2323 990 2676 1071 principium
2729 992 2970 1055 alterius
3023 994 3217 1054 sacits

571 1093 869 1154 orationis
980 1100 1178 1172 potest
1231 1099 1424 1152 autem
1491 1086 1793 1171 proprium
1846 1109 2061 1152 nomen
2127 1101 2185 1152 et
2250 1092 2322 1152 ad
2384 1092 2646 1177 diversas
2710 1093 2961 1172 proferri
3025 1113 3163 1173 per-

573 1212 781 1268 sonaS,
838 1202 903 1253 ut
957 1194 1006 1254 si
1068 1194 1255 1255 dicam
1309 1194 1489 1254 ‘Aiax
1547 1193 1706 1253 venit
1762 1193 1836 1253 ad
1881 1193 2148 1266 Troiam,
2206 1193 2344 1254 Aiax
2402 1195 2631 1256 sortiter
2683 1194 2963 1274 pugnavit
3019 1214 3161 1255 con-

570 1305 657 1357 tra
703 1296 1050 1369 Troianos',
1110 1296 1386 1370 dubium,
1443 1314 1516 1355 an
1575 1294 1648 1355 de
1698 1295 1903 1355 eadem
1962 1295 2152 1356 dicam
2196 1315 2482 1381 persona,
2544 1315 2677 1356 cum
2729 1296 2844 1356 duo
2896 1297 3157 1358 eiusdem

571 1399 824 1459 nominis
907 1398 1153 1472 suerint,
1238 1398 1310 1458 ad
1391 1414 1541 1475 quos
1619 1415 1799 1476 supra
1869 1397 2007 1457 dicti
2086 1399 2252 1459 attus
2330 1393 2625 1478 pertin'ere
2701 1402 2985 1477 possunt3
3043 1398 3158 1459 *sin

570 1508 761 1562 autem
839 1500 1031 1561 dicam
1102 1499 1282 1561 ‘Aiax
1345 1499 1502 1561 venit
1564 1498 1636 1559 ad
1698 1498 2001 1574 Troiam„
2046 1498 2201 1560 idem
2285 1499 2512 1560 fortiter
2593 1500 2873 1580 pugnavit
2952 1509 3239 1562 contram

571 1602 921 1690 Troianos',
980 1602 1053 1662 de
1108 1621 1221 1662 una
1278 1600 1553 1678 intellego
1606 1619 1878 1681 persona.
1969 1601 2029 1660 in
2087 1600 2358 1662 omnibus
2412 1601 2588 1680 igitur
2644 1600 2898 1662 relativis
2944 1620 3160 1681 prono-

568 1703 824 1764 minibus
875 1722 987 1764 una
1047 1705 1369 1783 eademque
1424 1710 1514 1763 est
1574 1703 1759 1763 oratio
1821 1721 1890 1763 ex
1933 1721 2110 1782 supra
2156 1702 2312 1763 dicto
2364 1703 2603 1764 nomine
2647 1703 2933 1782 pendens.
3022 1703 3160 1765 licet

568 1815 761 1867 autem
808 1824 914 1885 pro
956 1806 1210 1868 relativis
1255 1805 1702 1886 pronominibus
1746 1805 1981 1865 nomina
2028 1822 2248 1883 ponere
2296 1812 2354 1865 et
2406 1805 2729 1867 orationem
2774 1813 3033 1878 mutare,
3095 1813 3159 1865 ut

492 1969 501 1978 ,
570 1907 871 1987 ‘luppiter
935 1914 1130 1980 tonat,
1203 1906 1465 1987 luppiter
1536 1907 1876 1980 fulminat’3
1950 1923 2053 1966 eae
2130 1907 2284 1967 enim
2348 1907 2645 1968 orationes
2716 1907 2980 1984 singulae
3053 1927 3160 1987 per

570 2025 657 2070 se·
693 2017 944 2089 possunt
1009 2008 1256 2089 proferri
1322 2018 1380 2068 et
1446 2008 1691 2069 invicem
1749 2026 2033 2069 converso
2102 2007 2306 2068 ordine
2369 2015 2748 2089 praepostere
2816 2009 2987 2084 dici,.
3022 2028 3155 2069 cum
3188 2032 3239 2071 15

525 2114 533 2122 '
569 2130 688 2172 non
738 2110 810 2170 ad
856 2110 1110 2189 priorem
1156 2110 1411 2171 refertur
1448 2109 1742 2184 secunda,
1811 2108 1967 2186 quod
2016 2109 2154 2169 facit
2200 2128 2526 2189 pronomen
2571 2111 2910 2186 relativum,
2940 2106 2968 2193 ΙΙ
3000 2111 3158 2189 quod

465 3025 580 3100 58‘

569 2212 640 2272 ad
692 2212 1054 2292 praedictum
1107 2221 1328 2277 nomen
1380 2214 1651 2273 refertur.
1726 2211 2000 2291 quotiens
2045 2230 2181 2273 vero
2229 2211 2398 2272 ‘ille'
2449 2212 2535 2272 vel
2580 2212 2750 2272 ‘hic'
2798 2232 2915 2274 non
2960 2220 3160 2274 osten-

568 2316 821 2377 dendum
863 2324 998 2375 ante
1047 2313 1251 2375 oculos
1288 2313 1505 2393 aliquid
1551 2315 1845 2388 referunt,
1903 2321 2135 2393 oportet
2174 2314 2549 2393 intellegere,
2604 2314 2761 2393 quod
2808 2333 3009 2376 eorum
3054 2316 3159 2375 de-

566 2418 910 2478 monstratio
948 2414 958 2498 Ι
998 2417 1070 2477 ad
1111 2415 1472 2477 intellectum
1516 2417 1798 2491 refertum
1843 2416 2036 2493 itaque
2075 2416 2362 2495 quaedam
2398 2424 2537 2478 sunt
2576 2416 2881 2478 oculorum
2913 2416 3157 2477 demon-

567 2519 837 2594 strativa,
898 2527 962 2579 ut
1019 2522 1198 2595 ‘ego’
1257 2527 1314 2579 et
1373 2520 1531 2593 τω’,
1590 2517 1878 2597 quaedam
1935 2529 1992 2580 et
2044 2519 2352 2579 oculorum
2411 2525 2469 2578 et
2516 2518 2882 2579 intellectus:
2953 2518 3154 2579 oculo-
3183 2541 3238 2582 zo

565 2624 728 2694 rum,
774 2628 864 2681 ut:

873 2723 1002 2784 Hic
1047 2723 1187 2797 vir,
1227 2722 1346 2783 hic
1390 2730 1536 2796 est,
1583 2722 1724 2782 tihi
1771 2739 1983 2801 quem
2030 2720 2377 2801 promitti
2421 2722 2738 2804 saepius·
2770 2721 3014 2797 audis;

566 2824 930 2900 intellectus,
979 2834 1070 2886 ut:

870 2929 1001 2989 Hic
1046 2928 1362 3008 pietatis
1407 2924 1691 2988 honos?
1747 2927 1861 2986 sic
1907 2945 2040 2986 nos
2085 2926 2150 2986 in
2190 2933 2496 3005 sceptra
2542 2924 2900 3005 reponis?

739 3029 1046 3091 Praeterea
1083 3030 1210 3091 sola
1248 3029 1594 3110 pronomina
1638 3029 1884 3089 diversis
1926 3027 2169 3090 vocibus
2212 3028 2472 3088 diversas
2518 3028 2718 3088 tertias
2758 3028 2976 3088 latiiunt
3019 3048 3155 3108 per·
3183 3051 3237 3091 2²,

565 3150 775 3205 sonas,
831 3151 963 3192 cum
1020 3133 1193 3194 verba
1250 3151 1365 3193 una
1422 3150 1562 3192 voce
1618 3131 1690 3190 ad
1748 3130 1948 3209 plures
2007 3149 2292 3211 personas
2342 3130 2675 3209 pertineant
2730 3130 2965 3191 tertias:
3012 3131 3156 3191 dici-

565 3254 697 3296 mus
742 3234 896 3295 enim
941 3234 1185 3296 ‘scribit
1227 3234 1453 3294 Probus
1502 3232 1590 3293 vel
1638 3231 2083 3306 Servius'‚.vel
2124 3234 2476 3311 quicumque
2522 3240 2717 3312 potest
2759 3232 2916 3294 hunc
2959 3240 3155 3294 actum

565 3320 898 3417 suscipere,
955 3356 1075 3398 non
1135 3346 1328 3397 tamen
1382 3336 1494 3416 hoc
1551 3336 1725 3395 etiam
1779 3336 1839 3396 in
1886 3333 2354 3414 pronominibus
2446 3354 2577 3395 nam
2633 3335 2865 3396 relativa
2917 3336 3152 3413 quidem

563 3447 702 3500 sunt
749 3439 951 3518 ‘ipse’
1005 3437 1092 3499 vel
1150 3438 1268 3498 ‘is'
1328 3437 1414 3496 vel
1453 3421 1657 3510 '‘sui’,
1713 3437 1868 3514 quod
1927 3444 2017 3496 est
2071 3435 2456 3516 primitivum,
2511 3437 2964 3498 demonstrativa
3018 3457 3154 3499 vero

564 3539 760 3614 ‘hic',
826 3540 1010 3601 ‘iste’
1075 3538 1164 3601 vel
1220 3538 1414 3600 ‘ille'.
1521 3538 1623 3599 sed
1684 3539 1960 3614 interest,
2030 3539 2186 3617 quod
2244 3537 2416 3597 ‘ille’
2477 3539 2668 3618 spatio
2729 3538 2994 3618 longiore
3061 3541 3232 3602 in·3o

564 3696 771 3759 scripsit
805 3694 1065 3759 georgica,
1103 3694 1214 3758 ipse
1251 3665 1436 3758 Queida
1471 3670 1637 3754 quoq;g
1666 3693 1723 3741 Et
1756 3694 2020 3743 sciendum
2056 3693 2097 3741 S
2239 3692 2261 3741 1
2302 3692 2439 3744 loco*
2475 3693 2522 3741 L
2586 3717 2590 3721 Δ
2662 3697 2694 3744 2
2729 3692 3149 3759 demonstrative]

563 3781 594 3813 r
628 3764 1055 3814 demonstratiuae
1089 3763 1190 3812 RD
1328 3761 1362 3812 3
1403 3759 1544 3826 possi
1581 3762 1647 3810 M
1781 3766 1817 3814 4
1851 3778 1942 3828 pro
1974 3764 2098 3815 add.
2138 3763 2174 3811 cl
2313 3760 2513 3826 reiecit]
2546 3780 2577 3812 r
2612 3764 2754 3812 reicit
2788 3765 2833 3814 R
2872 3766 3068 3813 reiieoit
3105 3766 3152 3813 L

704 3829 950 3900 luppiter]
989 3847 1079 3882 om.
1116 3832 1158 3882 G
1197 3833 1380 3895 iupiter
1414 3834 1492 3881 Lr
1662 3833 1695 3881 5
1733 3834 1938 3899 collegit
1975 3835 2016 3883 G
2054 3829 2260 3898 colliget
2296 3833 2346 3882 N
2520 3834 2554 3884 6
2590 3832 2843 3898 proferri]
2888 3836 2936 3882 in
2974 3833 3152 3882 referri

498 3922 516 3936 ν
562 3912 677 3958 nmt.
713 3903 763 3951 Ν
795 3904 972 3952 rel'erri
1005 3902 1046 3950 S
1223 3903 1251 3950 7
1283 3910 1399 3963 pose
1435 3917 1565 3952 voce.
1612 3903 1676 3951 ad
1714 3902 1919 3953 Troiam
1957 3921 2067 3967 sqq.
2105 3919 2257 3967 usque
2296 3903 2368 3950 ad
2399 3902 2569 3952 eadem
2602 3918 2736 3955 voce.
2779 3919 2870 3953 om.
2906 3903 2947 3951 S
3118 3903 3153 3953 8

563 3976 771 4025 aeadem
810 3975 859 4022 D
1001 3973 1115 4021 dico
1149 3970 1200 4019 N
1338 3986 1610 4035 personam
1652 3970 1728 4021 Ην
1867 3973 1902 4023 9
1936 3972 2137 4023 suerunt
2162 3973 2353 4022 DNGL
2496 3974 2807 4041 supradictis
2843 3974 2894 4022 D
3035 3987 3151 4037 pos-

562 4055 679 4095 sunt
714 4044 969 4109 pertinere
1001 4042 1050 4091 Ν
1218 4040 1282 4090 10
1323 4040 1479 4106 idem]
1505 4043 1637 4107 ‚ipse
1677 4043 1772 4092 GL
1938 4042 1992 4092 11
2037 4045 2191 4108 igitur
2218 4042 2341 4094 add.
2377 4058 2407 4089 r·
2573 4044 2635 4093 12
2674 4050 2748 4090 est
2784 4058 2876 4092 om.
2919 4043 3012 4092 GL

563 4114 791 4181 pendens
827 4128 890 4162 ex
926 4111 1218 4177 supradicto
1258 4112 1462 4160 nomine
1498 4113 1546 4161 N
1686 4113 1842 4176 liquet
1879 4114 1972 4162 GL
2130 4113 2193 4161 14
2226 4113 2414 4176 iupiter
2442 4113 2702 4176 utrubique
2742 4114 2822 4161 Lr
2981 4110 3151 4160 fulmi—

562 4195 647 4235 nat
687 4201 756 4234 ex
791 4184 999 4232 llumina
1031 4197 1169 4230 corr.
1206 4180 1254 4229 D
1428 4182 1525 4247 hee
1559 4185 1607 4232 D
1644 4180 1740 4232 hae
1779 4182 1871 4232 NS
2037 4182 2107 4230 Ea
2143 4183 2198 4229 Η
2230 4183 2277 4232 L
2451 4181 2727 4247 orationes]
2766 4198 2797 4230 r
2829 4181 3076 4231 orationis
3106 4182 3152 4230 R

701 4255 765 4305 15
811 4269 904 4319 per
949 4250 1038 4318 se]
1078 4253 1116 4300 d
1161 4266 1378 4315 persone
1423 4253 1470 4301 D
1683 4253 1749 4305 16
1794 4259 1914 4315 post
1961 4252 2176 4302 refertur
2220 4267 2331 4315 sqq.
2380 4268 2536 4317 nsque
2584 4253 2656 4302 ad
2695 4252 2910 4302 refertur
2955 4266 3047 4300 om.
3106 4251 3152 4298 D

560 4325 683 4375 add.
720 4325 757 4372 d
909 4324 970 4373 17
1010 4319 1403 4385 ostendendum]
1445 4339 1476 4370 r
1511 4324 1778 4373 ostendum
1817 4324 1909 4373 1³6
2071 4322 2139 4370 20
2175 4337 2271 4384 ego
2307 4330 2356 4370 tu
2394 4322 2528 4372 ODS
2682 4323 2743 4372 21
2789 4332 2841 4371 ut
2879 4321 3060 4386 Virgls
3098 4323 3148 4369 in

561 4396 650 4444 vl,
692 4393 776 4442 hic
809 4393 850 4442 S
927 4415 930 4416 ⁷
998 4395 1155 4457 Vera.
1188 4392 1319 4442 Aen.
1355 4393 1423 4440 Vl
1462 4393 1565 4444 792
1716 4392 1783 4442 23
1823 4403 1875 4440 ut
1905 4391 2038 4440 idem
2079 4391 2162 4439 hio
2198 4391 2240 4437 S
2399 4393 2556 4458 Ver-9.
2597 4392 2726 4440 Aen.
2771 4395 2788 4441 1
2826 4390 2930 4440 253
3081 4392 3165 4441 25-

561 4465 626 4528 ad
660 4463 878 4513 diuersis
919 4465 968 4513 Ν
1105 4462 1327 4512 diuersis
1362 4463 1575 4511 uocibus
1604 4463 1823 4512 diuersis
1861 4462 2073 4510 uocibus
2112 4462 2341 4510 diuersas
2375 4463 2417 4510 S
2552 4463 2726 4510 tertias
2762 4479 2853 4514 om.
2888 4462 2944 4509 -D
3081 4460 3150 4510 26

560 4535 879 4599 pertinuerint
910 4535 958 4583 D
1128 4542 1182 4596 ut
1218 4535 1390 4582 tertias
1426 4535 1501 4584 [ir
1663 4535 1733 4586 27,
1767 4532 1959 4596 probus
1994 4538 2079 4579 aut
2115 4531 2315 4579 sernius
2352 4532 2415 4579 M
2426 4534 2451 4581 Ρ
2612 4533 2899 4594 quicuquae
2932 4532 3011 4581 Rr

560 4604 696 4654 hunc
730 4613 896 4653 actum
937 4612 1101 4667 potest
1141 4606 1184 4654 G
1349 4604 1419 4652 28
1468 4617 1568 4652 non
1604 4611 1796 4651 tantum
1836 4601 1933 4650 hoc
1971 4603 2017 4651 L
2187 4598 2254 4650 29
2299 4610 2418 4649 sunt
2467 4602 2671 4665 quidem
2722 4603 2772 4651 N
2946 4601 3031 4665 ipis
3072 4600 3149 4649 Ilr

457 4693 464 4698 ·
560 4676 607 4724 is
640 4674 719 4722 vel
752 4672 865 4740 sni]
898 4689 934 4738 9
984 4677 1064 4723 sui
1100 4666 1180 4722 'uel
1220 4673 1263 4722 is
1305 4673 1400 4723 GL
1511 4687 1524 4694 s
1574 4687 1693 4721 uero
1733 4680 1785 4721 ut
1822 4671 1906 4720 hic
1944 4673 1991 4720 N
2166 4670 2235 4720 30
2268 4680 2389 4732 post
2423 4671 2761 4736 intellegitur:
2808 4682 2861 4720 nt
2896 4671 3052 4730 (—÷-ut
3078 4669 3145 4734 S)

560 4745 804 4795 terentius
839 4747 889 4794 in
921 4743 1150 4794 eunucho
1188 4741 1270 4806 (ut
1305 4744 1547 4792 terentius
1576 4744 1647 4790 ait
1680 4743 1730 4792 N
1761 4743 1814 4789 in
1852 4740 2086 4790 eunucho
2116 4741 2241 4789 add.
2274 4758 2337 4796 n;
2380 4743 2427 4789 in
2467 4757 2662 4790 eunuco
2699 4741 2788 4802 D).
2833 4741 2998 4790 Viden
3031 4739 3144 4803 (Vi—

561 4815 689 4882 dens
723 4817 771 4864 D
811 4816 1034 4864 Videsne
1070 4814 1138 4876 S)
1172 4823 1226 4861 tu
1266 4813 1409 4861 illum
1444 4812 1623 4874 (illam
1651 4812 1719 4874 r)
1755 4811 1888 4860 thais
1920 4812 2099 4873 (illum
2138 4813 2235 4859 tais
2271 4809 2312 4859 0
2347 4811 2479 4862 thais
2514 4812 2654 4860 illum
2691 4812 2772 4874 N)
2811 4813 2834 4858 ζ’
2871 4814 2904 4860 ἰ.
2941 4828 2985 4861 e.
3027 4811 3142 4861 Ter.

559 4901 670 4935 eun.
711 4885 804 4933 1111
836 4883 887 4943 6,
928 4883 992 4933 16
1033 4885 1156 4934 add.
1186 4881 1389 4931 ONSrd
1414 4882 1485 4942 cf.
1527 4881 1611 4931 lib.
1653 4880 1746 4931 ΧΠ
1781 4883 1814 4943 S
1837 4881 1869 4931 3
