3576 5595
599 436 723 497 490
1714 436 2083 498 PRlSClANl

697 565 737 604 p.
765 551 876 592 1251.
902 552 953 591 ss
975 551 1021 591 e.
2025 549 2037 558 ”
2783 565 2825 606 p.
2846 552 2939 592 aas.
2958 552 3013 592 ae
3034 552 3088 594 κ.

466 625 557 698 ¹312
596 623 917 684 disiunctas
964 622 1099 683 facit
1142 622 1520 702 praeteritum
1567 622 1922 702 perfectum,
1967 632 2104 702 peto
2128 624 2333 702 petivi,
2381 632 2536 684 meto
2581 624 2836 684 messui:
2900 623 2972 683 Μ.
3006 621 3197 684 Cato

459 1344 554 1397 133

593 725 653 785 in
684 724 944 785 secundo
970 723 1356 802 Originum
1395 724 1506 784 ‘in
1552 742 1806 803 campo
1837 724 2126 785 Tiburti
2159 725 2280 786 ubi
2316 726 2665 786 hordeum
2713 725 3190 799 demessuit';

595 827 898 888 Cassius
926 825 1232 886 Hemina
1264 825 1323 885 in
1353 825 1524 886 tertio
1551 825 1927 885 annalium
1951 828 1970 857 ‘
1998 825 2118 887 ubi
2152 826 2511 887 hordeum
2546 828 3186 888 demessuerunt’.

593 947 624 989 r
665 927 1049 988 antecedente
1104 927 1256 999 duo,
1318 936 1476 987 verto
1522 926 1696 993 verti,
1756 935 1943 987 sterto
1987 928 2225 1003 stertui;
2270 937 2291 988 t
2333 928 2717 988 antecedente
2763 946 2976 1000 unum,
3021 928 3189 988 mitto

593 1030 759 1103 misi3
818 1049 846 1089 s
904 1029 1288 1088 antecedente
1344 1046 1555 1100 unum,
1621 1028 1767 1088 sisto
1809 1028 1988 1112 steti,
2048 1029 2204 1106 qnod
2267 1030 2440 1089 etiam
2493 1049 2525 1089 a
2568 1039 2662 1088 sto
2705 1029 2841 1089 steti
2884 1031 2965 1088 tit.
3054 1039 3245 1090 cum-'³

594 1131 770 1208 igitur
810 1131 867 1189 in
909 1130 958 1190 si
1007 1130 1227 1190 faciunt
1272 1129 1647 1208 praeteritum
1689 1128 2049 1207 perrectum,
2103 1131 2312 1210 supina
2355 1130 2411 1189 in
2450 1147 2581 1190 sum
2623 1129 2709 1189 vel
2754 1131 2812 1189 in
2845 1148 2915 1190 sn
2949 1130 3188 1201 faciunt,

593 1243 654 1293 ut
712 1231 854 1292 laesi
910 1230 1022 1292 lusi
1079 1229 1180 1291 risi
1227 1230 1374 1302 arsi,
1428 1231 1650 1290 laesum
1697 1230 1891 1290 lusum
1942 1230 2124 1291 risum
2179 1250 2409 1302 arsum,
2465 1231 2626 1291 laesu
2672 1230 2811 1306 lusu¹
2853 1231 2978 1292 risu
3016 1250 3188 1305 arsu3

595 1334 748 1396 unde
802 1341 861 1393 et
910 1332 1106 1393 laesus
1166 1331 1331 1392 lusus
1373 1332 1529 1392 risus
1573 1349 1773 1403 arsus,
1834 1331 2102 1393 laesurus
2146 1333 2385 1393 lusurus
2441 1333 2668 1392 risurus
2722 1351 2982 1393 arsurus.
3074 1332 3191 1393 Fac

593 1435 700 1497 alia
758 1455 790 1496 a
837 1434 1014 1495 verbo
1058 1433 1224 1494 mitto
1269 1432 1610 1512 composita.
1702 1433 1916 1492 Amitto
1972 1433 2212 1495 demitto
2254 1434 2556 1495 summitto
2602 1433 2905 1494 committo
2944 1433 3188 1494 admitto

591 1538 865 1616 permitto
910 1534 1188 1615 promitto
1223 1534 1534 1614 praemitto
1568 1535 1770 1595 emitto
1815 1533 2020 1595 omitto
2064 1535 2315 1595 remitto.
2382 1534 2455 1595 ab
2501 1536 2742 1595 admitto
2783 1533 3184 1602 admissarius,
3212 1540 3265 1580 ¹⁰

592 1638 665 1698 ab
711 1638 912 1698 emitto
970 1635 1308 1697 emissarius
1359 1632 1369 1716 Ι
1419 1635 1678 1696 nascitur
1730 1643 1790 1695 et
1845 1653 1878 1695 a
1931 1635 2180 1715 simplici
2234 1636 2452 1695 missus
2499 1636 2595 1696 hic
2641 1645 2698 1696 et
2744 1636 2891 1696 haec
2946 1634 3188 1696 missilis

593 1748 651 1799 et
713 1739 826 1798 hoc
869 1737 1108 1798 missile.
1199 1755 1519 1816 possumus
1582 1737 1752 1797 etiam
1810 1736 1906 1797 hic
1966 1744 2023 1795 et
2084 1737 2229 1796 haec
2284 1736 2585 1797 missibilis
2640 1746 2699 1797 et
2743 1737 2855 1797 hoc
2901 1737 3188 1798 missibile

594 1841 820 1912 dicere,
856 1839 1149 1916 quomodo
1193 1837 1508 1917 penetralis
1539 1847 1596 1897 et
1641 1836 2038 1917 penetrabilis,
2084 1839 2290 1898 docilis
2335 1837 2623 1898 docibilis.

765 1940 1101 2000 Habenas
1160 1958 1310 2018 qnae
1367 1958 1504 2019 pars
1551 1939 1832 1999 orationis
1877 1937 2011 1998 est?
2098 1939 2342 2000 Nomen.
2428 1937 2655 2010 Quale?
2734 1938 3179 2018 Appellativum.

595 2043 774 2104 Cuius
813 2039 1070 2121 speciei?
1159 2040 1532 2101 Derivativae.
1614 2040 1772 2099 Vnde
1817 2038 2153 2100 derivatur?
2229 2042 2274 2100 Α
2313 2040 2489 2101 verbo
2533 2040 2739 2101 habeo.
2824 2042 2959 2102 inde
3009 2043 3181 2103 etiam
3205 2047 3258 2087 ¹⁵

594 2144 1008 2223 aspirationem
1043 2142 1221 2202 habet
1267 2152 1324 2202 et
1373 2160 1477 2221 per
1521 2141 1558 2201 b
1603 2149 1824 2202 mutam
1863 2140 2154 2202 scribitur.
2234 2160 2368 2202 nam
2399 2162 2601 2212 avena,
2640 2160 2789 2220 qnae
2825 2132 2928 2202 τὸν
2958 2137 3186 2221 βρόμον

595 2243 947 2326 signifificat,
1012 2222 1093 2304 e?
1116 2245 1244 2303 sine
1292 2242 1648 2321 aspiratione
1705 2249 1798 2302 est
1855 2250 1914 2301 et
1958 2261 2065 2321 per
2112 2262 2143 2301 v
2201 2243 2494 2303 scribitur.
2585 2252 2674 2303 est
2726 2244 2904 2322 igitur
2956 2245 3182 2306 habena

597 2365 729 2407 cum
779 2345 1135 2425 aspiratione
1168 2363 1378 2404 nomen
1413 2343 1664 2403 verbale.
1752 2343 1932 2404 Cuius
1972 2353 2063 2404 est
2107 2342 2381 2421 generis?
2427 2344 2741 2418 Feminini‚
2785 2346 3012 2407 numeri
3054 2346 3185 2426 plu·

462 2459 561 2510 134
598 2446 766 2512 ralis.
814 2449 1033 2522 figurae
1078 2444 1393 2524 simplieiS,
1435 2463 1610 2505 casus
1647 2445 1993 2518 accusativi,
2037 2444 2440 2506 declinationis
2477 2446 2714 2525 primae.
2792 2447 2987 2507 omnia
3029 2447 3182 2508 enim

470 3642 563 3694 135

597 2547 653 2607 in
701 2565 732 2607 a
787 2546 1109 2606 desinentia
1168 2545 1572 2606 declinationis
1649 2547 1871 2626 primae
1929 2556 2069 2607 sunt
2110 2546 2389 2625 'exceptis
2444 2547 2701 2620 nentriS,
2761 2567 2912 2626 quae
2965 2549 3261 2610 Graeca„

597 2656 735 2708 sunt
790 2657 848 2708 et
893 2647 1048 2725 apud
1112 2647 1367 2708 Graecos
1422 2646 1483 2708 in
1527 2668 1623 2718 τος
1674 2648 1895 2707 faciunt
1943 2648 2309 2726 genetivum,
2369 2649 2523 2728 apud
2579 2668 2689 2708 nos
2745 2657 2941 2709 autem
2985 2670 3082 2722 τος
3122 2653 3181 2711 in

597 2749 671 2811 tis
716 2747 1112 2810 convertentia
1167 2748 1372 2809 tertiae
1425 2757 1563 2810 sunt
1617 2748 2054 2823 declinationiS,
2114 2756 2176 2811 nt
2219 2744 2477 2828 τόρευμα
2520 2743 2875 2828 τορεύματος
2918 2759 3180 2813 toreuma

595 2851 969 2924 toreumatis,
1017 2850 1209 2927 σχῆμα
1241 2844 1532 2926 σχήματος
1576 2851 1814 2912 schema
1848 2851 2184 2912 schematis,
2255 2852 2578 2913 litterarum
2613 2871 2749 2913 vero
2784 2854 3021 2914 nomina
3064 2863 3182 2915 tam

595 2953 653 3013 in
715 2973 746 3013 a
805 2971 980 3031 qnam
1038 2952 1097 3012 in
1151 2970 1550 3030 quascumque
1598 2951 1742 3012 alias
1801 2952 2022 3013 litteras
2076 2953 2399 3014 desinentia
2453 2962 2511 3015 et
2555 2953 2709 3033 apud
2758 2972 2866 3014 nos
2923 2961 2982 3013 et
3027 2955 3180 3034 apud

597 3054 852 3115 Graecos
881 3051 1309 3114 indeclinabilia
1342 3061 1507 3123 sunt,
1550 3061 1615 3114 ut
1641 3046 1804 3129 ἄλφα
1836 3053 1991 3131 βῆτα
2032 3048 2249 3132 γάμμα.
2318 3074 2435 3115 non
2469 3064 2628 3115 recte
2664 3055 2818 3115 enim
2844 3055 3252 3117 Donatus²⁶

595 3155 927 3232 digammon
970 3155 1187 3235 posuit.
1278 3155 1349 3215 ab
1395 3155 1583 3216 habeo
1625 3156 1689 3215 tit
1725 3154 1924 3215 habito
1960 3155 2238 3215 habitudo
2284 3154 2680 3217 habitaculum
2728 3157 2975 3232 habilis;
3022 3175 3182 3219 com-

596 3257 784 3336 posita
828 3256 1065 3317 inhibeo
1111 3256 1356 3317 cohibeo
1403 3256 1687 3335 perhibeo
1729 3255 2014 3335 prohibeo
2060 3256 2304 3317 exhibeo
2336 3257 2602 3318 adhibeo.

1837 3423 1958 3475 vn.

1029 3531 1110 3571 'rv
1159 3530 1417 3579 Qonvs
1471 3531 1816 3571 mromsvs
1862 3530 2140 3572 nosrms
2188 3531 2427 3573 Asnam
2473 3533 2737 3574 nv‘rmx.

767 3629 996 3690 Scande
1054 3648 1301 3690 versum.
1401 3628 1490 3688 Tu
1519 3647 1751 3706 quoque
1856 3628 2009 3690 litori
2093 3630 2205 3691 bus
2238 3650 2345 3690 nos
2441 3632 2547 3691 tris
2575 3634 2656 3692 Ae
2743 3631 2873 3692 neia
2964 3618 3251 3692 nutrix.³⁰

596 3732 754 3803 Quot
799 3749 1073 3791 caesuras
1128 3727 1344 3789 habet?
1413 3729 1587 3790 DnaS.
1665 3729 1867 3800 Quas?
1936 3720 2565 3810 Semiqninariamrtu
2622 3750 2852 3809 quoque
2893 3734 3180 3807 litoribus,

736 3869 756 3916 l
794 3867 1074 3916 disiunctas
1104 3881 1196 3915 om.
1235 3865 1320 3915 CG
1462 3864 1648 3914 faciunt
1688 3867 1817 3916 CGS
1957 3866 2020 3915 M.
2053 3868 2174 3916 Cato
2200 3867 2286 3915 GS
2318 3876 2535 3917 mercato
2565 3870 2607 3919 C
2741 3871 2772 3916 2>
2810 3869 2861 3917 in
2904 3883 3083 3935 campo
3104 3867 3185 3920 OS

595 3939 642 3986 in
674 3940 774 3999 εἴη)
810 3936 854 3985 G
959 3937 1128 3986 tiburti
1167 3935 1250 3984 CG
1287 3935 1525 3983 tiburtino
1552 3934 1592 3982 S
1732 3936 1972 3985 hordeum
2003 3935 2045 3984 S
2095 3937 2303 3984 ordeum
2329 3939 2412 3987 CG
2554 3938 2585 3988 3
2622 3939 2791 3987 casius
2828 3940 2871 3990 G
3013 3941 3182 3987 emina

594 4008 675 4056 CS
813 4007 864 4054 in
892 4007 1065 4069 quinto
1097 4003 1352 4053 annalium
1379 4020 1409 4058 ς
1552 4003 1796 4053 hordeum
1829 4005 1870 4054 S
1903 4006 2111 4054 ordeum
2146 4007 2231 4053 CG
2372 4008 2756 4056 demessuerunt
2785 4024 2818 4074 p
2855 4015 2953 4056 ant·
2974 4008 3182 4055 cedente

595 4093 749 4126 uuum
791 4076 1046 4124 inuenitur
1085 4076 1253 4138 inepto
1292 4074 1483 4137 ineptui
1517 4089 1542 4121 r
1577 4072 1618 4121 S
1754 4076 1786 4122 4
1821 4084 1975 4124 stertei
2007 4076 2183 4124 stertui
2214 4076 2256 4125 C
2295 4073 2448 4125 stert'o
2479 4078 2620 4125 sterti
2656 4076 2741 4127 GS
2877 4078 2909 4125 5
2939 4078 3051 4125 misi
3091 4076 3181 4124 sed

594 4144 920 4196 antecedente
957 4153 973 4191 t
1009 4143 1135 4192 sisto
1178 4142 1218 4189 S
1253 4142 1365 4191 misi
1401 4143 1526 4190 sisto
1555 4143 1639 4191 CG
1781 4142 1815 4191 9
1851 4145 2056 4193 demitto
2099 4144 2141 4192 G
2171 4145 2371 4193 dimitto
2400 4145 2480 4194 CS
2623 4146 2684 4195 ln
2720 4146 2781 4195 ab
2820 4146 3039 4195 admitto‘
3066 4146 3183 4194 Pue-

593 4215 759 4263 sclu‘us
788 4232 806 4263 .·
834 4213 1041 4261 obmitto
1080 4212 1413 4261 admissarius
1450 4213 1568 4259 Am.
1617 4212 1679 4260 ab
1718 4213 1892 4260 amitto
1923 4213 2220 4261 emissarius
2260 4215 2301 4263 C
2331 4214 2392 4262 ab
2428 4214 2599 4262 amitto
2638 4216 2906 4264 amisarius
2934 4214 2976 4263 G
3020 4230 3110 4263 om.
3144 4216 3187 4264 S

741 4284 794 4332 lt
842 4281 1107 4330 emisarius
1136 4282 1222 4330 G.-
1247 4281 1533 4329 admissarii
1581 4290 1627 4328 et
1669 4283 1919 4330 emissarii
1960 4283 2091 4330 idem
2131 4292 2265 4334 suut.
2315 4282 2406 4331 sed
2447 4284 2696 4333 emissarii
2734 4292 2850 4332 sunt
2887 4283 3073 4332 milites
3118 4285 3181 4331 ab
3224 4330 3237 4339 Ἣ

594 4352 882 4402 emittendis
920 4351 1122 4412 sagittis
1165 4350 1285 4398 dicti
1313 4388 1324 4398 .
1367 4350 1617 4398 emissarii
1658 4353 1808 4399 etium
1846 4351 2161 4413 (admissarii
2199 4362 2364 4401 antem
2393 4355 2600 4401 coniecit
2630 4352 3027 4406 Lindemannue)
3065 4361 3184 4401 sunt

595 4421 712 4483 equi
759 4422 842 4483 qui
890 4420 1185 4468 emittuntur
1231 4419 1591 4480 (admittuntur
1634 4422 1845 4470 coniecit
1890 4421 2281 4483 Lindemannus)
2328 4421 2390 4468 ad
2442 4436 2599 4484 equas
2630 4461 2637 4468 .
2666 4432 2713 4471 et
2767 4421 3039 4484 aliquando
3087 4435 3181 4486 pro

595 4489 857 4539 luxurioso
903 4489 1105 4553 ponitur
1146 4488 1189 4536 L
1330 4487 1537 4535 mis—ili*
1585 4499 1794 4537 vocatur
1840 4489 2075 4553 quicquid
2131 4487 2179 4553 [a
2224 4487 2397 4553 longe]
2454 4491 2582 4539 mitti
2629 4500 2838 4555 potest.
2870 4491 2999 4539 sicut
3047 4492 3182 4539 enim

596 4559 747 4607 telum
780 4558 962 4606 dicitur
985 4571 1016 4605 a
1054 4557 1262 4611 Graeco,
1301 4557 1435 4619 quod
1467 4566 1539 4606 est
1574 4558 1737 4620 τηλου
1774 4561 1837 4617 (Ι.
1864 4555 2031 4621 τηλοῦ
2058 4558 2107 4606 id
2148 4569 2223 4606 est
2254 4557 2459 4622 longe).
2500 4573 2558 4607 eo
2598 4561 2733 4622 qnod
2776 4559 2927 4625 longe
2963 4559 3061 4608 iuvi
3088 4575 3181 4624 po-

596 4634 712 4681 test,
754 4626 824 4673 ita
849 4637 897 4675 et
926 4626 1118 4675 missile
1147 4641 1294 4674 omne
1325 4626 1460 4687 quod
1495 4627 1626 4676 mitti
1655 4636 1821 4692 potest
1854 4628 1896 4675 l,
2048 4626 2104 4676 Ι3
2141 4626 2321 4676 docilis
2348 4627 2579 4676 docibilis
2608 4645 2699 4680 om.
2731 4628 2816 4678 GS
2956 4630 3021 4677 2⁴
3055 4630 3181 4677 alias

596 4710 688 4744 om.
725 4694 809 4743 CG
949 4698 1014 4743 25
1047 4691 1292 4757 Donatus]
1338 4711 1390 4756 p.
1426 4695 1552 4745 1736
1691 4696 1758 4745 26
1791 4696 2033 4759 digamon
2077 4697 2119 4746 S
2159 4696 2417 4761 digamum
2452 4698 2539 4746 CG
2678 4699 2746 4747 28
2774 4712 2895 4747 oens
2932 4710 3180 4748 ent-ctam

598 4775 912 4812 onasum-tei
967 4778 1014 4811 tu
1062 4779 1257 4814 emtum
1307 4778 1503 4811 onasum
1554 4780 1699 4814 sexu
1755 4780 1882 4813 uem
1933 4779 2180 4815 assisinos
2233 4780 2507 4816 reamur!
2558 4782 2807 4817 {mennon
2870 4781 3086 4816 niuem-:u
3130 4781 3179 4816 nt

598 4842 796 4877 rutum·
843 4846 1040 4881 osnsnn
1079 4846 1283 4882 suerint
1325 4848 1452 4881 unm
1491 4836 1531 4882 C
1565 4848 1750 4884 ικοηητ
1798 4849 1979 4883 nenses
2017 4849 2218 4884 aserim
2259 4849 2390 4883 unm
2432 4835 2475 4885 G
2562 4835 2631 4886 30
2662 4836 2858 4884 Scande
2883 4861 2951 4871 —
2977 4852 3032 4898 p.
3057 4836 3180 4895 491,

597 4894 826 4956 §partes
853 4914 944 4947 om.
973 4902 1014 4949 S
1149 4900 1212 4950 31
1244 4909 1296 4948 tn
1334 4914 1535 4962 quoque
1572 4903 1802 4951 litoribus
1840 4918 1931 4954 om.
1959 4904 2040 4954 CS
