3576 5595
657 449 781 513 206
1635 449 2005 511 PRISCIANI
2068 449 2256 510 INST.

755 581 794 620 p.
827 568 926 609 1¹1⁴
956 566 1001 607 Ρ.
2793 578 2834 619 p.
2868 566 2955 608 103.
2985 568 3058 608 ¹04
3089 566 3137 609 κ.

648 635 827 718 περὶ
869 630 1299 710 συντάξεως
1342 636 1585 697 tertio
1640 635 1855 697 clarius
1910 643 2136 697 tractat.
2227 636 2523 697 secundae
2560 644 2754 698 autem
2797 655 3118 716 personae,
3178 648 3246 700 ut

649 758 827 820 supra
886 739 1105 800 dictum
1163 747 1285 814 est,
1350 737 1726 800 derivativum
1777 738 1909 799 ideo
1966 757 2084 798 non
2147 746 2344 817 potest
2403 738 2619 799 hahere
2675 739 3032 815 vocativum,
3103 743 3240 820 quia

646 860 895 902 necesse
938 850 1029 902 est
1073 841 1402 919 genetivum
1450 840 1723 920 primitivi
1771 840 1828 900 in
1864 860 1933 901 eo
1967 839 2222 917 intellegi
2265 840 2323 899 in
2359 859 2706 919 possessore
2739 838 2903 920 ipso,
2950 841 3021 900 ad
3063 860 3240 920 quem

644 943 967 1022 loquimur,
1031 951 1087 1003 et
1149 942 1471 1003 vocativum
1516 943 1575 1002 in
1608 942 2018 1022 possessione,
2077 941 2180 1002 sed
2240 941 2542 1021 possessio
2599 942 2895 1002 secundae
2947 962 3239 1022 personae

645 1045 981 1118 necessario
1017 1045 1103 1105 vel
1148 1044 1219 1105 ad
1266 1043 1514 1124 primam
1559 1042 1648 1103 vel
1693 1044 1762 1104 ad
1811 1044 2038 1104 tertiam
2085 1062 2398 1123 personam
2442 1044 2724 1117 refertur,
2771 1063 2920 1122 quae
2955 1046 3240 1107 naturali«
3267 1067 3293 1105 5

645 1155 735 1207 ter
774 1155 977 1208 carent
1022 1146 1308 1207 vocativo:
1368 1149 1546 1207 ‘tuus
1581 1146 1733 1207 filius
1775 1150 1947 1207 sum’
2000 1145 2088 1206 vel
2132 1148 2304 1206 ‘tuus
2349 1145 2502 1205 iilius
2546 1153 2638 1206 est
2693 1145 2787 1206 ille
2806 1149 2844 1204 ’.
2935 1155 2993 1206 et
3034 1164 3239 1224 quam-

645 1250 731 1310 vis
769 1250 1044 1325 figurate,
1095 1257 1160 1309 ut
1207 1268 1385 1329 supra
1440 1248 1660 1309 dictum
1706 1256 1828 1321 est,
1884 1247 2074 1313 dicam
2130 1242 2231 1307 “tu
2294 1246 2421 1326 ipse
2462 1254 2598 1308 tuus
2642 1266 2708 1307 es
2761 1255 2818 1307 et
2860 1246 3132 1310 dominus
3179 1256 3238 1308 et

647 1369 853 1411 servus
872 1355 912 1425 ',
960 1358 1156 1411 tamen
1200 1350 1525 1411 vocativum
1558 1368 1676 1409 non
1723 1349 1982 1409 invenies
2020 1368 2131 1409 nec
2171 1351 2417 1426 figurate
2461 1347 2521 1408 in
2565 1348 2680 1408 hoe
2710 1350 3059 1428 pronomine
3097 1369 3235 1430 pro·

645 1452 859 1527 latum,
917 1460 981 1513 ut
1037 1452 1288 1512 eundem
1347 1460 1403 1513 et
1450 1470 1857 1532 possessorem
1897 1460 1955 1511 et
1997 1450 2436 1530 possessionem
2477 1449 2538 1510 in
2581 1468 2694 1512 una
2740 1451 3060 1529 eademque
3102 1471 3237 1531 per-

582 1552 589 1557 ’
646 1572 791 1615 sona
847 1553 1111 1615 videatur
1168 1554 1377 1633 aliquis
1442 1553 1606 1615 affari
1662 1551 1912 1613 dicendo
1966 1555 2172 1627 ‘tue’,
2227 1552 2519 1630 quomodo
2576 1552 2734 1633 apud
2788 1553 3043 1614 Graecos
3095 1551 3227 1613 ‘oe'’
3262 1576 3313 1615 ιο

509 1667 611 1719 203
644 1644 765 1714 ἆπὸ
808 1656 916 1714 τοῦ
967 1648 1160 1732 ‘mig-⁹,
1220 1662 1371 1717 teste
1402 1648 1636 1715 'eodem
1690 1653 2114 1735 Apollonia
2214 1653 2707 1732 quemadmodum
2768 1654 2946 1733 igitur
2997 1656 3230 1716 nomina

644 1757 850 1818 tertiae
894 1766 1031 1819 sunt
1072 1777 1393 1839 personae,
1456 1757 1542 1818 sie
1596 1757 1769 1817 etiam
1825 1754 2163 1836 possessiva
2209 1755 2588 1836 pronomina,
2642 1757 2905 1834 quamvis
2950 1765 3230 1836 quantum

644 1859 717 1919 ad
754 1878 1038 1939 personas
1083 1859 1509 1939 possidentium
1549 1858 1707 1918 {inita
1754 1857 1876 1918 sint
1919 1867 1978 1918 et
2033 1857 2256 1937 primae
2299 1864 2358 1918 et
2404 1858 2696 1923 secundae
2741 1868 2800 1919 et
2854 1860 3087 1934 tertiae,
3143 1869 3233 1920 ta-

644 1979 780 2021 men
820 1968 1102 2039 quantum
1145 1960 1215 2021 ad
1271 1959 1683 2041 possessiones
1743 1959 1905 2039 ipsas
1963 1960 2168 2020 tertiae
2223 1967 2361 2021 sunt
2411 1979 2732 2040 personae,
2791 1961 2905 2022 nisi
2958 1961 3231 2023 substan-

645 2062 774 2123 tivis
828 2062 916 2123 vel
972 2062 1246 2123 vocativis
1303 2062 1694 2140 adiungantur
1743 2060 1966 2135 verbis,
2023 2061 2176 2122 sicut
2227 2069 2284 2121 et
2338 2061 2608 2123 nomina:
2670 2064 2876 2123 ‘meus
2934 2083 2998 2123 es
3053 2063 3228 2137 filius,
3265 2089 3311 2128 15

642 2183 809 2226 meus
849 2174 1091 2226 vocatur
1136 2183 1367 2240 servus3
1408 2172 1542 2223 tuus
1584 2161 1857 2223 nominor
1902 2181 2146 2243 parens,
2192 2171 2328 2225 tuus
2374 2172 2464 2225 est
2492 2172 2687 2244 pater;
2727 2182 2870 2226 suus
2906 2164 3059 2226 illius
3096 2185 3229 2227 sum

642 2266 829 2343 filius,
877 2287 1019 2329 suus
1063 2266 1218 2329 illius
1263 2284 1327 2327 es
1369 2265 1553 2339 filius,
1600 2284 1744 2327 suus
1788 2265 1948 2326 illius
1995 2274 2086 2326 est
2129 2264 2327 2327 tilius’.

814 2369 1145 2430 Pronomeu
1210 2368 1411 2448 ‘ipse'
1477 2367 1666 2428 tribus
1735 2366 2075 2447 aptissime,
2130 2377 2195 2429 ut
2261 2386 2437 2447 supra
2505 2366 2792 2443 diximus,
2853 2370 3229 2448 coniungitur

642 2471 933 2551 personis·
1038 2471 1234 2546 itaque
1293 2468 1745 2549 Apollonius
1805 2462 2260 2548 ἕπιταγματικόν
2323 2470 2439 2530 hoe
2497 2481 2692 2545 vocat,
2765 2472 2823 2533 id
2884 2480 2974 2533 est
3045 2491 3230 2552 appo-

644 2572 909 2647 sitivum,
962 2572 1120 2651 quod
1166 2571 1294 2632 aliis
1357 2571 1804 2650 pronominibus
1849 2572 2194 2652 apponitur,
2240 2580 2305 2633 ut
2338 2572 2503 2651 ‘ipse
2548 2577 2693 2651 ego'
2739 2574 2827 2634 vel
2868 2575 3010 2651 ‘ego
3053 2573 3225 2653 ipse’,
3255 2598 3309 2637 πο

508 2687 611 2738 204
645 2676 736 2736 ‘tu
771 2675 947 2754 ipse’,
994 2673 1116 2735 ‘ille
1158 2673 1330 2753 ipse’.
1422 2681 1480 2733 et
1524 2674 1785 2752 quamvis
1826 2674 2195 2735 inveniantur
2221 2674 2393 2734 etiam
2438 2674 2550 2735 alia
2590 2676 2937 2756 pronomina
2980 2677 3227 2753 figurate

641 2777 728 2838 sie
770 2774 1079 2839 coniuncta
1118 2796 1223 2858 per
1257 2776 1517 2839 diversas
1547 2796 1868 2858 personas,
1911 2785 1976 2838 ut
2006 2780 2142 2855 ‘ego
2172 2776 2298 2851 ille,
2343 2783 2403 2838 tu
2437 2775 2566 2852 ille,
2616 2777 2712 2839 hie
2757 2778 2877 2839 ille'
2911 2812 2938 2824 -
2969 2787 3035 2839 ut
3069 2778 3229 2841 Vir-

641 2879 905 2958 giliuS.

943 2981 1080 3042 Ille
1127 3001 1289 3061 ego,
1334 2981 1455 3060 qui
1503 2982 1870 3061 quondam
1908 2982 2178 3062 gracili
2225 2981 2651 3044 modulatus
2691 3001 2921 3043 avena

946 3084 1280 3145 Carmen.
3250 3108 3305 3148 25

638 3185 793 3246 idem
833 3185 892 3246 in
936 3185 963 3246 1
1004 3186 1397 3248 Aeneidis:
3235 3205 3240 3208 “

941 3288 1146 3350 Tune
1191 3288 1323 3349 ille
1367 3290 1684 3362 AeneaS,
1725 3304 1936 3364 quem
1972 3286 2345 3348 Dardanio
2388 3287 2772 3348 Anchisae.

636 3387 1070 3474 ΤοΙιοιιιίιτ5
1114 3391 1173 3451 in
1219 3390 1532 3451 Andria:

942 3492 1075 3554 Hic
1121 3500 1237 3553 est
1280 3492 1440 3564 ille,
1483 3511 1568 3553 ne
1615 3500 1684 3551 te
1731 3491 1994 3552 credas
2039 3491 2316 3553 Davum
2364 3490 2702 3553 ludere-
2678 3538 2734 3565 -,

777 3681 802 3731 l
842 3695 981 3731 πιιΡΥ
1008 3682 1056 3731 L
1200 3693 1492 3730 cim-asmo
1525 3678 1642 3729 ΗΜ
1669 3688 1722 3729 et
1751 3694 1823 3729 eae
1861 3694 2141 3731 cmuzsoc
2174 3694 2308 3730 corr.
2343 3678 2393 3728 L
2429 3694 2687 3730 οιιιτιιεεω
2717 3679 2770 3727 N
2905 3680 3053 3729 tertio
3092 3680 3221 3730 libro

634 3750 703 3800 νά
838 3748 1053 3816 tractat]
1092 3766 1123 3799 r
1156 3757 1308 3799 teetat
1336 3749 1383 3800 11
1522 3739 2155 3815 3'primitiui'genitiuum
2182 3751 2230 3799 L
2384 3749 2435 3798 in
2473 3747 2555 3815 eo]
2598 3766 2689 3803 om.
2735 3749 2798 3799 M
2826 3748 2939 3798 ideo
2982 3749 3028 3797 L
3167 3751 3222 3797 in

634 3834 935 3884 possessore
966 3821 1054 3870 Dd
1085 3834 1383 3886 possessore
1417 3818 1471 3867 N
1607 3821 1638 3870 5
1677 3818 1895 3869 refertur
1925 3835 2196 3886 personam
2229 3819 2283 3867 N
2417 3819 2451 3870 6
2490 3818 2567 3867 vel
2597 3835 2690 3872 om.
2720 3818 2762 3867 S
2914 3820 2943 3868 7
2994 3826 3134 3870 ·tuns
3163 3834 3222 3869 es

633 3899 715 3938 ·tu
751 3891 864 3955 ipse
896 3891 940 3942 S
1074 3887 1210 3954 tuus]
1248 3897 1300 3938 tu
1340 3890 1405 3940 M
1541 3889 1574 3940 8
1612 3889 1832 3970 flgpratq
1870 3889 1919 3938 N
2060 3891 2124 3940 10
2161 3897 2248 3955 tue
2282 3889 2373 3940 NS
2406 3903 2434 3938 o
2462 3897 2548 3955 tue
2583 3906 2616 3938 n
2650 3905 2732 3939 τιο
2763 3889 2828 3940 Μ
2964 3890 3221 3953 quomodo

634 3975 725 4008 nec
758 3959 895 4024 apud
931 3959 983 4007 N
1136 3975 1179 4008 ω
1215 3974 1276 4009 cs
1314 3961 1426 4022 (M)
1567 3952 1627 4009 σέ
1664 3950 1777 4008 ἀπὸ
1817 3956 1916 4008 τοῦ
1954 3953 2071 4040 σός]
2112 3974 2201 4010 om.
2237 3962 2308 4021 D,
2343 3961 2395 4009 in
2426 3975 2521 4024 my.
2554 3961 2675 4010 aad.
2713 3961 2751 4009 d
2892 3959 2952 4009 11
2977 3976 3034 4039 ,μ
3063 3958 3223 4037 Apol-

631 4032 732 4079 lon.
771 4031 835 4079 de
866 4038 1001 4096 synt.
1042 4029 1174 4079 1119
1208 4045 1260 4092 p.
1301 4029 1423 4089 220,
1458 4029 1523 4079 14
1557 4028 1813 4110 sqq.13k.
1852 4022 1920 4077 τὰ
1941 4023 2067 4108 γὰρ
2116 4022 2209 4078 ἐπὶ
2261 4022 2523 4104 δευτέρου
2572 4021 2879 4093 προσώπου
2924 4019 2996 4078 οὗ
3040 4022 3221 4093 μόνον

633 4090 667 4164 ἡ
706 4097 903 4164 χρῆσις
938 4092 1291 4165 κατέλειψεν,
1342 4090 1481 4148 ἀλλὰ
1516 4099 1612 4148 καὶ
1649 4090 1679 4148 ὁ
1721 4092 1884 4162 λόγος
1920 4088 2194 4149 ἀδυνατεῖ
2226 4088 2478 4162 συνέχειν
2623 4099 3077 4158 Quemammodnm
3118 4097 3221 4146 NL

777 4171 838 4218 12
886 4170 1061 4218 tertiae
1105 4178 1225 4219 sunt
1273 4165 1557 4235 personae]
1609 4185 1640 4218 r
1683 4170 1830 4219 tertie
1878 4177 1996 4217 sunt
2042 4183 2260 4235 persona
2310 4168 2354 4218 R
2551 4177 2669 4218 sunt
2713 4185 2822 4232 sup.
2871 4173 2959 4222 lin.
3006 4168 3128 4218 add.
3179 4167 3223 4216 S

630 4254 720 4288 om.
751 4237 792 4286 O
964 4240 1265 4304 pionomina
1296 4253 1424 4303 quae
1460 4239 1696 4302 quamuis
1730 4238 1782 4287 N
1956 4239 2019 4290 13
2070 4248 2187 4288 5ιιιιι
2226 4236 2475 4289 MODSL
2655 4238 2718 4288 14
2756 4236 3149 4304 possessiones]
3189 4253 3221 4286 r·

630 4309 977 4374 possessionis
1009 4309 1054 4359 lt
1216 4309 1276 4359 15
1309 4310 1508 4360 uocatis
1536 4310 1588 4358 N
1746 4308 1812 4359 16
1851 4308 2140 4358 nominatur
2175 4308 2222 4357 13
2387 4308 2446 4359 17
2496 4323 2619 4358 suus
2651 4308 2792 4358 illius
2832 4325 2889 4359 es
2923 4308 3058 4357 tilius
3092 4323 3220 4357 suus

631 4378 769 4426 illius
819 4387 895 4427 est
931 4378 1064 4428 iilius
1111 4381 1159 4427 in
1206 4396 1300 4444 my.
1340 4380 1461 4430 add.
1500 4381 1518 4426 l
1692 4387 1769 4428 est
1809 4394 1922 4442 sup.
1967 4381 2052 4427 lin.
2105 4377 2227 4427 add.
2267 4392 2298 4425 r
2475 4378 2540 4427 18
2587 4378 2748 4428 tribus
2798 4375 3099 4443 aptissime]
3149 4393 3220 4426 ea:

629 4463 764 4498 corr.
803 4464 833 4495 r
1000 4459 1054 4498 nt
1089 4464 1245 4513 supra
1277 4450 1499 4499 diximus
1540 4449 1804 4513 aptissime
1837 4448 2016 4513 (supra
2049 4463 2163 4511 sup.
2202 4449 2286 4496 lin.
2320 4448 2469 4511 add.)
2510 4450 2558 4497 L
2726 4445 2975 4513 diximus]
3024 4449 3214 4496 dietum

630 4525 707 4565 est
742 4518 785 4568 S
926 4518 989 4568 19
1030 4515 1362 4585 Apollonius]
1404 4536 1452 4570 v.
1497 4520 1530 4580 S
1575 4519 1675 4569 144
1824 4518 2146 4583 appollonius
2186 4516 2233 4566 L
2271 4517 2598 4582 appollonius
2634 4518 2677 4566 R
2821 4517 3218 4583 epitagmatieon

631 4587 819 4637 RDNS
854 4590 1305 4654 epitagramaticon
1343 4590 1390 4637 L
1531 4598 1608 4636 est
1642 4603 1734 4638 om.
1779 4589 1824 4637 L
1965 4586 2031 4636 ‘20
2069 4588 2206 4650 quod
2245 4587 2379 4637 alius
2417 4587 2464 4637 R
2608 4595 2665 4637 ut
2695 4588 2805 4652 ipse
2844 4614 2909 4624 —
2951 4588 3216 4636 invenian-

631 4663 709 4702 tur
744 4672 835 4707 om.
876 4656 917 4705 O
1089 4658 1153 4707 21
1206 4658 1292 4707 ille
1325 4660 1436 4724 ipse
1471 4674 1562 4710 om.
1606 4658 1669 4706 M
1835 4658 1902 4707 22
1958 4659 2115 4720 Very.
2155 4656 2287 4709 Aen.
2325 4659 2375 4705 t‘n
2406 4656 2490 4708 lib.
2531 4658 2652 4710 dete.
2689 4659 2876 4707 initium
2911 4674 2956 4706 v.
2996 4657 3080 4706 lib.
3123 4656 3218 4705 ΧΠ

627 4727 659 4786 S
699 4724 758 4774 11
926 4730 991 4777 24
1032 4726 1313 4792 quondam]
1352 4746 1383 4777 r
1432 4729 1644 4776 condam
1681 4727 1726 4777 R
1885 4727 2205 4775 modulamus
2240 4726 2287 4775 R
2443 4726 2512 4778 26
2553 4730 2711 4793 Ver-9.
2750 4727 2882 4779 Aen.
2925 4729 2940 4776 1
2976 4727 3078 4777 617

629 4794 694 4845 27
735 4808 887 4843 eneas
924 4795 1026 4844 DN
1062 4810 1219 4861 eneas
1249 4799 1290 4849 S
1466 4794 1755 4862 Anchisae]
1796 4813 1823 4846 s
1857 4795 2062 4845 anchise
2102 4794 2219 4844 MN
2251 4810 2443 4863 annosq
2479 4798 2522 4848 S
2697 4798 2765 4848 28
2800 4797 3068 4847 terrentius
3106 4794 3219 4844 Ml,

775 4864 891 4915 Ter.
920 4864 1089 4914 Andr.
1120 4866 1204 4915 1111
1236 4869 1287 4922 4.
1312 4867 1381 4917 48
1521 4867 1588 4916 20
1627 4868 1719 4916 llio
1756 4875 1902 4918 extat
1937 4870 1985 4918 in
2031 4865 2149 4918 Ter.
2185 4865 2380 4928 Bemb„
2417 4869 2503 4932 qui
2536 4866 2599 4918 ab
2634 4867 2727 4918 leoc
2763 4882 2912 4921 versu
2947 4869 3067 4931 ine„
3102 4868 3212 4915 rell.

628 4936 723 4986 lae.
762 4932 945 4984 hausta
980 4942 1095 4997 sunt
1235 4934 1320 5001 ne]
1359 4950 1458 4985 non
1504 4937 1620 4988 Ter.
1648 4937 1775 4990 Bas.
1919 4933 1994 5004 te]
2032 4951 2102 4987 ex
2137 4939 2321 4988 iterato
2360 4936 2446 4988 ille
2480 4937 2684 4988 corr.S
