3576 5595
1274 466 1503 533 LIBER
1546 465 1711 532 xvll
1763 472 2058 534 195-202
2831 458 2955 522 205

542 588 651 634 1113.
682 588 728 633 14
757 590 806 633 P
2503 592 2548 633 p.
2580 582 2666 622 102
2699 579 2773 619 103
2801 577 2854 619 Κ.

363 604 578 726 habpere
625 682 742 724 non
785 669 1013 743 potest,
1062 657 1176 720 nisi
1212 660 1457 735 figurate
1488 655 1734 719 velimus
1762 655 1992 728 dicere,
2037 656 2171 715 ‘tue
2217 660 2275 713 et
2316 671 2436 713 non
2472 638 2720 724 aliene’,
2761 650 2820 711 id
2866 659 2959 712 est

365 767 484 828 ‘tui
529 773 880 845 potestatem
924 762 1209 836 liabens',
1258 759 1622 839 quomodo
1641 778 1750 837 ego
1794 775 1964 818 meus
2008 759 2200 817 sum’.
2288 753 2733 835 Euripides·

1565 850 1707 939 ἔγω
1750 848 1806 917 δ’
1857 851 2029 936 ἐμός
2069 855 2243 934 εἰμι.

366 970 467 1032 sed
515 967 781 1047 quamvis
813 985 933 1027 non
980 973 1176 1027 eareat
1205 962 1462 1039 ratione,
1507 970 1704 1023 tamen
1746 961 1810 1021 in
1851 981 1962 1023 usu
1999 978 2119 1021 non
2161 968 2282 1033 est,
2330 958 2626 1037 quomodo
2667 976 2779 1019 nec
2824 961 2954 1019 ‘sue

312 1085 338 1124 5
365 1071 523 1132 illius
564 1072 760 1143 nate’,
798 1076 862 1130 ut
894 1066 1170 1147 ‘proprie
1208 1065 1362 1127 illius
1407 1069 1598 1125 nate'.
1690 1082 1824 1124 cum
1869 1063 2048 1141 igitur
2087 1061 2144 1122 in
2183 1059 2457 1123 omnibus
2488 1079 2728 1141 posses-
2773 1066 2983 1119 XXVII
3027 1070 3124 1123 199

364 1173 502 1235 sivis
570 1180 688 1231 tam
734 1147 1066 1250 'possessor
1130 1187 1304 1246 quam
1367 1166 1671 1246 possessio
1739 1164 2113 1243 intellegatur
2180 1183 2291 1224 neo
2343 1162 2436 1223 alii
2496 1162 2726 1242 possint
2782 1182 2957 1224 casus

366 1282 648 1353 quantum
695 1272 767 1332 ad
805 1289 1188 1351 possessores
1230 1268 1344 1329 nisi
1387 1258 1636 1346 genetivi
1682 1265 1974 1344 intellegi,
2018 1284 2140 1326 non
2183 1273 2435 1344 possunt
2478 1264 2695 1324 habere
2739 1265 2959 1325 vocati-

364 1396 468 1436 vos
517 1374 630 1435 nisi
689 1392 797 1455 per
856 1373 1018 1453 ipsas
1077 1370 1524 1451 possessiones,
1586 1388 1721 1430 cum
1778 1369 1841 1429 in
1899 1366 2159 1428 secunda
2213 1386 2345 1427 esse
2402 1365 2812 1443 intellegantur
2854 1386 2958 1426 eae

364 1495 635 1558 persona.
672 1496 693 1507 ⁸
725 1493 837 1535 nee
891 1474 1078 1555 prima
1127 1480 1324 1533 tamen
1380 1471 1626 1552 primam
1677 1489 1790 1531 nee
1851 1469 2108 1531 secunda
2156 1467 2473 1530 secundam
2517 1474 2715 1547 potest
2766 1469 2960 1547 possi-

291 1590 339 1631 10
367 1580 537 1655 dere,
581 1576 730 1653 nisi,
777 1576 931 1638 sicut
963 1573 1362 1648 ostendimus,
1410 1573 1656 1652 figurate
1688 1572 1846 1632 dicat
1887 1571 2099 1649 aliquis
2132 1574 2266 1649 ‘ego
2306 1590 2440 1631 sum
2472 1588 2640 1630 meus
2685 1568 2958 1631 dominus

368 1689 426 1741 et
468 1698 706 1753 servus,
751 1686 814 1739 tu
858 1698 924 1739 es
966 1684 1103 1738 tuus
1146 1684 1204 1737 et
1250 1675 1455 1735 doctor
1499 1681 1558 1734 et
1602 1673 1983 1753 discipulus’,
2029 1679 2094 1733 ut
2129 1671 2464 1732 Persius:

672 1779 1018 1840 Vindicta
1060 1784 1455 1858 postquam
1489 1794 1699 1836 meus
1744 1795 1774 1836 a
1824 1783 2173 1855 praetore
2208 1773 2524 1835 recessi.

370 1884 541 1945 tertia
581 1901 719 1942 vero
757 1881 988 1942 tertiam
1025 1887 1223 1958 potest
1263 1877 1601 1958 possidere,
1660 1876 1795 1954 quia
1840 1875 2058 1936 multae
2114 1884 2173 1935 et
2215 1874 2477 1936 diversae
2524 1881 2777 1955 possunt
2819 1892 2952 1943 esse
2988 1884 3094 1935 200

370 1985 594 2046 tertiae.
684 1981 1006 2043 vocativum
1049 1988 1244 2040 tamen
1297 1978 1455 2040 aliud
1513 1996 1838 2059 pronomen
1889 1978 1949 2038 in
1998 1998 2110 2039 usu
2155 1997 2274 2039 non
2318 1977 2496 2038 habet
2550 1976 2664 2037 nisi
2713 1976 2959 2055 primiti-

292 2098 341 2139 15
371 2105 504 2148 vum
551 2084 846 2147 secundae
890 2101 1179 2162 personae
1221 2089 1291 2141 et
1323 2081 1725 2160 possessivum
1769 2080 2023 2159 primae,
2082 2080 2313 2158 quando
2358 2078 2431 2139 ad
2477 2078 2539 2138 id
2581 2096 2774 2139 sermo
2820 2076 2960 2137 diri-

369 2189 557 2267 gitur,
602 2187 663 2246 id
707 2193 798 2246 est
833 2183 1066 2262 qnando
1113 2183 1406 2244 secundae
1444 2183 1703 2244 sociatur
1746 2200 2035 2262 personae
2050 2200 2067 2256 ;
2119 2181 2256 2241 lic-et
2298 2180 2452 2241 enim
2493 2179 2833 2240 naturaliter
2885 2177 2958 2238 ad

372 2307 541 2350 suam
581 2287 739 2366 loqui
775 2284 1233 2366 possessionem.
1324 2285 1495 2346 tertia
1540 2303 1674 2345 vero
1715 2283 2081 2364 possessiva,
2132 2284 2241 2345 etsi
2283 2291 2552 2343 naturam
2593 2281 2839 2354 haheat,
2897 2287 2960 2340 ut

372 2409 481 2470 per
534 2388 857 2449 vocativum
914 2387 1026 2447 dici
1085 2386 1302 2467 possit,
1360 2393 1427 2447 ut
1475 2385 1841 2467 praedictum
1887 2392 1980 2446 est
2019 2417 2049 2429 -
2091 2403 2409 2465 possumus
2454 2383 2611 2444 enim
2666 2381 2839 2442 etiam
2881 2379 2954 2441 ad
2989 2395 3086 2447 201

259 2528 262 2530 v
371 2490 619 2551 alienam
660 2489 1103 2569 possessionem
1147 2487 1398 2567 dirigere
1444 2505 1811 2562 sermonem,
1849 2494 1942 2548 ut:

294 2603 346 2643 2⁰
674 2591 724 2652 Ο
771 2590 1082 2669 genitor
1120 2597 1387 2650 noster
1430 2589 1792 2650 Saturnie
1835 2588 2146 2649 maxime
2191 2587 2466 2660 divum,

368 2702 427 2754 et
461 2692 786 2754 ‘Euandrie
831 2691 937 2751 ssli'
985 2690 1074 2751 vel
1120 2690 1482 2753 ‘Telamonie
1524 2690 1686 2752 Aiax'
1719 2725 1746 2736 -
1780 2692 1977 2770 itaque
2021 2690 2285 2770 quamvis
2329 2695 2609 2767 quantum
2651 2687 2726 2748 ad
2767 2687 2958 2768 ipsam

365 2815 565 2858 rerum
610 2803 878 2856 naturam
923 2800 1083 2855 recte
1125 2791 1386 2854 videatur
1439 2813 1617 2874 posse
1676 2793 1788 2855 dici
1846 2794 1917 2857 ‘o
1974 2813 2080 2855 sue
2132 2791 2214 2854 fili
2266 2790 2564 2853 Euandri'
2615 2797 2673 2851 et
2726 2792 2797 2851 ‘o
2853 2809 2958 2850 sua

369 2917 514 2958 uxor
556 2897 877 2969 Euandri',
923 2902 987 2957 ut
1032 2895 1082 2956 si
1127 2895 1317 2955 dicam
1362 2894 1678 2956 ‘Euandrie
1721 2896 1826 2957 fili’
1868 2905 1926 2956 et
1968 2894 2287 2956 ‘Euandria
2325 2894 2510 2966 uxnr',
2567 2911 2701 2954 cum
2742 2892 2803 2953 in
2846 2891 2961 2951 hoo

369 2999 520 3059 (luae
567 2998 772 3058 tertiae
815 2996 1228 3076 intellegantur
1271 3015 1558 3076 personae
1599 2998 1965 3078 possessoris
2006 3005 2065 3058 et
2108 2994 2536 3079 possessionis:
2581 3012 2727 3055 usus
2767 3001 2961 3054 tamen

293 3109 343 3150 ²⁵
372 3100 598 3174 delicit,
638 3099 934 3178 quomodo
963 3099 1138 3159 etiam
1165 3099 1319 3178 apud
1349 3099 1603 3159 Graecos
1631 3106 1780 3159 teste
1820 3099 1829 3179 Ι
1867 3099 2276 3179 Apollonio
2305 3093 2574 3174 σφέτερε,
2622 3114 2754 3156 eum
2784 3094 2960 3155 ratio-

350 3201 647 3263 ·nabiliter
690 3200 883 3282 possit
932 3199 1077 3276 dici,
1123 3201 1183 3260 in
1240 3219 1351 3261 usu
1406 3207 1600 3261 tamen
1650 3219 1769 3260 non
1830 3200 2136 3262 invenitur.
2240 3200 2313 3261 de
2348 3200 2461 3260 hoo
2494 3196 2520 3283 [ξ
2549 3197 2703 3258 enim
2756 3192 2821 3255 ἐν
2869 3196 2955 3278 τῷ
2992 3212 3093 3263 202

517 3423 542 3474 1
587 3420 692 3488 tue]
728 3423 766 3471 d
799 3429 915 3471 tuae
947 3420 1131 3472 RODS
1292 3418 1481 3486 aliene]
1514 3423 1551 3470 d
1584 3422 1752 3487 aliene
1778 3419 1949 3471 DSLr
2106 3422 2136 3470 2
2162 3428 2490 3488 postestatem
2511 3418 2591 3486 (5)
2621 3420 2668 3469 L
2830 3431 2960 3490 ergo

374 3509 453 3559 Ην
625 3509 903 3575 enrypides
939 3508 986 3558 12
1020 3508 1276 3575 eyripides
1304 3506 1397 3557 DS
1432 3508 1702 3573 euripedes
1730 3508 1777 3556 L
1810 3506 2072 3575 euripides
2104 3509 2341 3573 proprius
2371 3507 2413 3557 0
2587 3506 2853 3568 Euripidis
2884 3510 2960 3573 fr.

371 3645 416 3682 v.
460 3629 492 3692 §
539 3628 638 3680 110
778 3629 810 3680 3
858 3606 952 3679 εἷω
989 3629 1067 3679 Rr
1096 3644 1201 3678 ssrw
1237 3628 1285 3676 D
1429 3643 1498 3677 Δε
1521 3627 1808 3678 RODNSL
1948 3617 2100 3693 ἐμός]
2132 3646 2161 3677 ²·
2190 3644 2328 3679 enoc
2360 3627 2406 3677 R
2442 3642 2620 3677 unnoc
2654 3628 2691 3677 d
2724 3642 2896 3680 suove
2925 3626 2967 3677 S

509 3730 679 3765 zum.
715 3718 766 3766 D
804 3731 894 3765 Eut
932 3716 980 3764 Ν
1133 3717 1167 3765 4
1193 3712 1323 3780 sed]
1361 3731 1393 3763 n
1431 3713 1497 3763 Se
1531 3714 1584 3763 Ν
1736 3731 1831 3782 sue
1869 3714 1911 3764 S
2076 3717 2108 3766 5
2145 3716 2355 3780 proprie
2382 3715 2424 3763 S
2584 3716 2792 3782 proprie
2827 3716 2963 3765 illius

372 3794 488 3851 nate
531 3802 561 3833 r·
699 3785 733 3836 6
770 3780 1076 3853 intelligitur
1107 3785 1154 3834 L
1316 3785 1403 3833 atii
1429 3794 1644 3850 possunt
1672 3786 1771 3834 NL
1935 3784 1969 3835 8
2000 3800 2092 3850 per
2129 3787 2262 3834 issas
2297 3785 2341 3834 R
2510 3783 2889 3850 possessiones]
2930 3785 2968 3833 d

369 3855 641 3920 passiones
679 3856 728 3905 D
903 3854 1222 3918 secundae&
1261 3854 1340 3904 Ην
1382 3856 1635 3917 secundas
1676 3857 1733 3905 Ee
1769 3853 1813 3903 S
1978 3854 2330 3920 intelliguntur
2366 3855 2414 3904 L
2585 3871 2674 3904 eae
2718 3850 2962 3920 persona]

370 3926 558 3988 scm'psi
601 3924 698 3974 hae
738 3940 957 3990 persona
992 3925 1044 3974 Ν
1087 3940 1146 3973 55
1180 3938 1400 3989 persone
1437 3924 1484 3973 R
1534 3941 1593 3973 ee
1628 3939 1850 3990 persone
1887 3940 1918 3973 r
1968 3939 2057 3973 eae
2096 3940 2344 3990 personae
2374 3923 2467 3973 DS
2511 3932 2562 3974 et
2598 3940 2688 3974 eae
2725 3940 2835 3987 sup.
2876 3926 2963 3974 lin.

372 3995 497 4044 add.
538 3996 587 4044 L
624 4009 686 4043 ea
717 4009 937 4058 persona
980 3995 1050 4045 M
1080 3995 1195 4044 edd.
1236 4007 1485 4059 personae
1522 3993 1563 4043 O
1724 3995 1759 4043 9
1795 4008 1888 4042 nee
1917 4002 2082 4043 tamen
2120 3997 2282 4062 prima
2321 3996 2536 4060 primam
2566 3994 2616 4043 Ν
2782 4008 2965 4042 55500·

372 4064 488 4113 dam
523 4079 637 4126 sup.
674 4067 759 4115 lin.
801 4065 923 4115 add.
962 4066 999 4115 d
1151 4063 1216 4114 10
1251 4060 1404 4126 sicut]
1434 4079 1464 4111 r
1500 4065 1546 4112 si
1585 4071 1639 4112 ut
1675 4062 1723 4114 R
1761 4071 1817 4112 ut
1849 4062 1985 4115 ODS
2131 4065 2351 4132 figurate
2384 4066 2426 4116 S
2566 4064 2626 4115 11
2672 4062 2818 4114 Pers.
2853 4070 2962 4117 sat.

2501 4152 2518 4186 t

369 4201 421 4263 5,
456 4199 527 4252 88
667 4200 733 4251 12
761 4209 1031 4267 postquam
1067 4217 1180 4264 sup.
1214 4201 1304 4254 Ιίιι.
1342 4199 1465 4250 add.
1504 4216 1536 4249 r·
1688 4203 1941 4266 ptnrere
1945 4203 2076 4252 55551
2104 4202 2150 4252 R
2321 4201 2386 4252 13
2423 4216 2518 4282 pos
2553 4209 2631 4250 est
2664 4198 2741 4250 131·
2900 4201 2966 4253 15

373 4270 631 4321 secundae
664 4281 714 4320 et
749 4272 1101 4336 possessinum
1130 4271 1195 4320 M
1358 4269 1422 4320 16
1460 4271 1673 4320 sotiatur
1707 4273 1757 4320 D
1930 4271 1992 4322 17
2044 4287 2165 4322 uero
2217 4273 2570 4337 possessiuum
2623 4271 2706 4320 M
2696 4272 2719 4303 ⁹
2901 4270 2967 4320 18

374 4337 593 4405 enimjd
626 4355 740 4390 enm
767 4343 817 4390 D
974 4340 1037 4391 19
1066 4343 1197 4392 Emi.
1221 4355 1337 4394 ann.
1368 4356 1438 4390 ex
1474 4343 1569 4390 inc.
1610 4339 1695 4390 lib.
1734 4342 1809 4404 fr.
1847 4341 2023 4403 p.151
2053 4343 2210 4391 [less.
2246 4341 2370 4391 lib.1
2405 4341 2544 4419 υ.1“ι”
2552 4341 2586 4390 0
2620 4341 2686 4393 Ε.
2720 4339 2775 4388 S.
2799 4340 2876 4421 fr,
2898 4340 2967 4391 30

375 4409 442 4470 (υ.
478 4425 531 4472 p.
555 4409 652 4474 28)
690 4408 844 4474 ῙΙύ9.,
883 4427 998 4460 ann.
1043 4413 1140 4463 inc.
1172 4410 1281 4460 sed.
1316 4412 1391 4474 fr.
1432 4411 1475 4458 ll
1510 4425 1563 4473 p.
1592 4409 1659 4462 66
1696 4412 1810 4460 coll.
1847 4425 1901 4472 p.
1937 4410 2155 4460 XXXIV
2208 4410 2359 4460 Valzl.
2397 4393 2479 4472 (ὦ
2517 4405 2698 4473 πάτερ
2734 4400 2967 4475 ἡμέτερε

376 4476 631 4543 Κρονίδη
668 4480 829 4543 affert
863 4481 1159 4543 Apollonius
1192 4482 1287 4530 1.1
1331 4481 1397 4529 ΙΙΙ
1436 4480 1470 4530 9
1506 4497 1564 4543 p.
1593 4480 1713 4542 220,
1742 4480 1776 4529 5
1811 4479 1909 4529 Bk.
1923 4480 1945 4543 )
2086 4483 2153 4532 20
2181 4489 2386 4530 saturne
2421 4477 2561 4529 noo
2703 4481 2764 4529 21
2802 4480 2969 4529 Euan·

374 4545 506 4613 drie]
544 4565 575 4597 r
612 4550 859 4614 euandrie
893 4551 992 4600 RD
1029 4566 1057 4601 0
1096 4550 1339 4614 euandriq
1374 4549 1424 4597 N
1595 4549 1685 4597 tilii
1724 4557 1773 4598 et
1810 4549 2083 4599 telamonie
2109 4551 2157 4599 L
2331 4544 2646 4612 Telamonie]
2690 4566 2721 4598 r
2756 4549 2971 4599 telamo-

376 4619 490 4667 niae
526 4618 680 4668 RDN
820 4617 1074 4685 quamvis]
1114 4637 1207 4672 om.
1245 4618 1339 4667 OL
1374 4619 1436 4668 εὖ
1470 4619 1514 4668 S
1653 4620 1886 4681 quamvis
1922 4616 2198 4684 quantum]
2239 4628 2483 4682 qnantum
2517 4620 2567 4667 D
2606 4619 2687 4668 uel
2730 4619 2969 4683 quamuis

372 4689 412 4737 d
565 4691 634 4737 22
671 4698 901 4738 naturam
938 4705 1105 4740 rernm
1145 4691 1193 4738 L
1354 4703 1383 4738 ο
1426 4702 1551 4738 suae
1583 4688 1721 4736 filiae
1757 4688 1834 4738 [ir
1992 4697 2040 4738 et
2077 4705 2167 4739 om.
2207 4688 2313 4740 Mo
2470 4688 2540 4740 23
2576 4689 2852 4738 euandriae
2889 4690 2973 4740 Ην

513 4756 807 4823 Euandria]
844 4775 873 4806 r
909 4761 1120 4810 euandri
1160 4758 1251 4809 RS
1416 4760 1484 4808 24
1526 4770 1693 4807 tamen
1734 4761 1785 4807 in
1819 4773 1913 4823 ⁷¹¹9·
1956 4759 2079 4811 add.
2122 4759 2172 4808 L
2346 4759 2414 4810 25
2452 4758 2693 4822 Aponon.
2732 4760 2796 4809 de
2831 4768 2969 4826 synt.

376 4827 439 4875 nl
472 4823 509 4876 9
534 4827 753 4889 p.220,
801 4830 860 4878 12
896 4829 997 4878 Bk.
1141 4822 1394 4892 σφέτερε]
1432 4842 1541 4892 ευρ.
1581 4830 1668 4881 lin.
1706 4829 1831 4879 add.
1867 4830 1907 4878 d
1942 4837 2165 4892 οφιτεη
2198 4828 2251 4877 Ν
2284 4837 2523 4895 οφεοενε
2556 4830 2605 4879 L
2744 4829 2814 4880 26
2849 4845 2971 4895 pos-

376 4866 753 5016 ffiastltomvS’
884 4899 987 4948 diei
1020 4899 1073 4948 in
1109 4895 1228 4963 050]
1270 4897 1493 4946 dicimus
1524 4897 1566 4946 0
1707 4899 1997 4948 inueniatur
2028 4898 2108 4948 ltr
2246 4890 2308 4947 ἐν
2341 4897 2420 4969 τῷ
2459 4896 2588 4964 περὶ
2628 4891 2970 4963 συντάξεως]

2530 5004 2544 5032 ἱ
