3576 5595
632 423 753 487 170
1621 416 1990 482 PRISCIANI
2037 418 2112 480 ΙΝ
2118 418 2227 482 ST.

731 553 778 596 p.
806 539 920 584 tos-1.
949 537 999 579 ss
1027 537 1075 580 P.
2821 551 2866 592 p.
2893 539 2956 583 67.
2983 539 3044 581 es
3079 538 3150 580 κ.

630 613 719 674 vel
773 610 1077 674 ‘Ciceroni
1130 627 1273 671 suus
1332 607 1516 681 filius,
1574 607 1725 668 videt
1785 606 1983 670 illum'
2044 606 2131 669 vel
2186 608 2568 672 ‘Ciceronem
2625 631 2772 674 suus
2828 612 3012 688 filius,
3084 612 3267 672 bene

631 725 890 778 merctur
927 713 1000 773 de
1044 711 1181 772 illo'
1228 710 1315 769 vel
1370 709 1479 769 ‘de
1524 710 1809 771 Cicerone
1853 729 1998 772 suus
2057 710 2265 791 filius’.
2356 712 2623 775 similiter
2677 715 2938 794 passiva,
2995 733 3176 792 quae
3228 734 3264 774 a

632 834 979 899 possessore
1022 814 1147 876 solo
1194 815 1369 884 fiunt,
1426 810 1848 873 nominativum
1893 814 2293 891 possessionis
2336 814 2606 891 exigunt:
2667 819 2932 877 ‘amatur
2968 817 3046 877 ab
3103 816 3263 877 illo'

498 928 598 979 120
635 921 722 981 vel
761 918 1081 980 ‘Cicerone
1140 934 1282 976 suus
1330 914 1538 975 filius'.
1641 933 1749 974 nec
1806 933 1925 974 non
1983 925 2097 976 tam
2162 916 2517 977 nominativo
2572 935 2745 995 quam
2805 918 2935 980 aliis
2986 920 3267 981 casibus

499 1641 591 1693 121

628 1020 947 1103 possessivi
1000 1018 1136 1078 licet
1206 1016 1322 1089 uti,
1386 1035 1520 1075 cum
1595 1036 2001 1096 possessorem
2073 1018 2437 1079 ostendimus
2492 1019 2857 1083 extrinsecus
2913 1023 3261 1082 facientem
3295 1031 3323 1068 ⁵

630 1122 1036 1186 transitionem
1093 1120 1164 1180 ad
1223 1118 1475 1196 aliquam
1526 1118 1696 1180 aliam
1755 1138 2069 1198 personam
2127 1139 2234 1199 pro
2290 1139 2396 1181 sua
2451 1122 2859 1201 possessione,
2914 1132 2974 1185 ut
3021 1128 3264 1201 ‘rogat

612 1242 726 1287 ‘me
779 1224 910 1298 ille,
971 1229 1034 1282 ut
1093 1240 1237 1282 suus
1287 1220 1443 1297 legat
1488 1221 1643 1300 apud
1688 1239 1782 1280 me
1825 1219 2015 1282 tilins’
2061 1229 2119 1281 et
2163 1223 2264 1282 ‘ut
2307 1241 2451 1283 suus
2497 1223 2779 1286 doceatur
2815 1244 2849 1285 a
2890 1245 2985 1286 me
3030 1226 3263 1287 filius’

632 1337 689 1389 et
733 1332 820 1388 ‘ut
860 1326 951 1387 sui
996 1323 1277 1383 miserear
1310 1322 1434 1382 sslii'
1487 1331 1545 1382 et
1588 1324 1678 1385 ‘ut
1723 1341 1832 1383 suo
1877 1323 2090 1385 donem
2135 1324 2276 1386 filio’
2322 1332 2381 1383 et
2425 1327 2514 1384 ‘ut
2545 1344 2717 1386 suum
2763 1345 2977 1405 sequar
3015 1327 3260 1389 filium’

632 1439 690 1492 et
733 1432 835 1490 ‘ut
890 1447 999 1487 suo
1038 1425 1230 1506 potiar
1278 1424 1465 1498 filio',
1527 1443 1660 1485 cum
1706 1424 1764 1484 in
1814 1427 2165 1503 possessivis
2225 1426 2447 1505 primae
2494 1436 2553 1487 et
2597 1428 2890 1489 secundae
2933 1448 3259 1509 personae

631 1533 803 1595 liceat
848 1530 1020 1589 etiam
1062 1546 1182 1587 non
1227 1525 1599 1608 possidentes·
1646 1535 1990 1587 construere
2036 1528 2138 1587 sic.
3288 1538 3339 1578 ¹⁰

802 1628 1184 1693 Discretionis
1229 1646 1462 1705 quoque
1504 1647 1679 1690 causa
1722 1626 1811 1688 vel
1855 1627 2244 1691 abundantiae
2288 1630 2438 1691 solet
2476 1650 2608 1691 cum
2652 1633 2918 1711 genetivo
2965 1633 3253 1715 poslses-

631 1737 782 1798 soris
826 1732 960 1794 addi
1003 1730 1393 1792 nominativus
1438 1730 1785 1809 possessivi,
1846 1737 1910 1789 ut
1962 1732 2146 1792 ‘suus
2193 1741 2285 1793 est
2328 1732 2565 1794 Homeri
2611 1738 2813 1808 mos',
2865 1735 3254 1812 intellegitur

632 1838 787 1899 enim
827 1836 980 1895 ‘non
1021 1832 1319 1904 alterius'‚
1359 1840 1414 1891 et
1458 1834 1641 1892 ‘suus
1683 1831 1983 1893 Ciceronis
2030 1832 2185 1893 filius
2229 1834 2402 1894 heres
2448 1844 2539 1896 est
2578 1837 2762 1915 patris
2805 1837 3180 1897 constitutus
3199 1841 3248 1908 ⁹,

629 1941 824 2001 ‘suus'
870 1936 1082 1997 dicitur
1123 1934 1196 1995 ad
1236 1933 1646 1994 discretionem
1693 1932 1880 2006 illius,
1926 1933 2024 2012 qui
2070 1936 2395 1996 secundum
2440 1936 2601 2014 leges
2646 1957 2789 1998 suus
2833 1957 2948 1999 non
2995 1946 3126 2011 est,
3181 1937 3250 1998 id

633 2049 724 2102 est
765 2038 874 2102 sub
920 2044 1209 2118 potestate
1244 2033 1428 2115 patris
1474 2033 1713 2112 legitimi
1760 2053 1877 2094 non
1921 2044 2028 2096 est.
2123 2037 2278 2115 quod
2337 2046 2530 2098 autem
2588 2041 2803 2101 ‘suus’
2852 2060 2961 2120 pro
3018 2040 3247 2100 unius-
3281 2048 3330 2087 ¹⁵

633 2142 916 2220 cuiusque
960 2138 1197 2219 proprio
1240 2137 1553 2217 accipitur,
1600 2156 1743 2198 usus
1791 2139 2114 2198 confirmat.
2204 2140 2574 2217 Virgilius
2621 2142 3029 2220 georgicon
3078 2142 3143 2201 1:

1642 2239 1918 2300 molles
1967 2258 2094 2300 sua
2136 2249 2298 2301 tura
2341 2242 2630 2311 Sabaei.

632 2346 1046 2408 Terentius
1084 2343 1143 2403 in
1190 2342 1663 2402 Phormione:

939 2447 1131 2518 Quot
1175 2444 1546 2516 homineS,
1594 2452 1702 2504 tot
1748 2444 2213 2520 sententiae;
2264 2464 2439 2505 suus
2479 2446 2748 2524 cuique
2793 2465 2963 2507 mos·

503 2561 601 2612 122
641 2551 732 2612 sin
775 2558 969 2611 autem
1028 2548 1086 2606 in
1145 2546 1580 2625 possessionem
1639 2548 1702 2606 sst
1746 2564 1778 2606 a
1830 2564 2176 2624 possessore
2239 2545 2535 2621 transiti0,
2597 2547 2849 2626 obliquis
2905 2547 3239 2627 possessivi
3271 2556 3326 2597 2⁰

508 3377 607 3428 123

636 2652 882 2723 utimur,
924 2658 988 2709 ut
1029 2648 1262 2708 ‘Cicero
1296 2648 1606 2707 miseretur
1636 2648 1726 2707 sui
1771 2648 1904 2722 filii,
1943 2648 2186 2727 praebet
2225 2668 2333 2708 suo
2367 2650 2515 2723 filio,
2555 2650 2766 2729 aspicit
2810 2664 2981 2711 suum
3020 2650 3238 2723 filium,

635 2754 855 2835 potitur
886 2772 1005 2824 ‚suo
1045 2748 1236 2822 filio-⁹,
1280 2750 1370 2810 sin
1416 2750 1780 2811 extrinsecus
1826 2751 1892 2811 fit
1935 2752 2216 2812 transitus
2263 2751 2321 2813 in
2360 2752 2798 2832 possessionem
2845 2754 3046 2813 tertiae
3093 2772 3240 2832 per-

636 2876 851 2931 sonae,
908 2853 1125 2915 sufficit
1185 2852 1451 2930 genetivo
1510 2853 1591 2912 uti
1654 2853 1843 2932 ipsius
1907 2854 2307 2932 possessoris:
2364 2855 2687 2915 ‘misereor
2753 2855 2853 2916 filii
2903 2854 3234 2926 CiceroniS,

636 2959 790 3019 douo
835 2957 954 3018 filio
1001 2953 1334 3028 Ciceronis,
1387 2973 1601 3014 accuso
1642 2954 1822 3015 filium
1871 2955 2199 3025 Ciceronis,
2248 2957 2440 3036 potior
2484 2956 2601 3018 filio
2647 2957 3004 3018 Ciceronis'.
3096 2956 3240 3017 licet

637 3070 829 3120 tamen
875 3057 1090 3118 addere
1148 3057 1319 3117 etiam
1379 3056 1695 3136 possessivi
1753 3075 1926 3117 casus
1987 3067 2419 3136 consequentes
2476 3057 2562 3117 vel
2623 3058 2991 3119 discretionis
3049 3076 3232 3118 causa
3263 3066 3317 3105 ²⁵

637 3162 724 3222 vel
772 3158 1192 3230 abundantiae,
1242 3166 1304 3218 ut
1340 3162 1510 3237 ‘egeo
1553 3158 1770 3236 ingenii
1819 3157 1908 3219 sui
1953 3159 2287 3232 Ciceronis,
2333 3159 2483 3220 bene
2526 3159 2658 3220 dico
2703 3158 2937 3237 ingenio
2981 3178 3089 3219 suo
3132 3159 3234 3220 Ci-

636 3263 904 3325 ceronis’
953 3269 1009 3320 et
1055 3259 1283 3320 similia.

814 3363 958 3426 lllud
1002 3380 1239 3440 quoquc
1289 3361 1621 3434 sciendum,
1668 3360 1857 3438 quod,
1910 3380 2041 3421 cum
2087 3362 2145 3422 in
2180 3362 2307 3422 aliis
2346 3362 2619 3423 omnibus
2657 3363 3009 3441 possessivis
3052 3364 3229 3424 liceat

640 3465 905 3546 genetivo
964 3463 1238 3544 primitivi
1297 3483 1403 3542 pro
1461 3463 1620 3523 omni
1679 3481 1881 3522 eorum
1951 3464 2034 3523 uti
2084 3483 2258 3538 casu,
2320 3465 2477 3541 quod
2537 3464 2933 3538 ostendimuS,
2994 3465 3052 3526 in
3110 3468 3228 3527 hoc

634 3587 867 3649 quoque
911 3565 1247 3646 possessivo
1284 3564 1632 3644 pronomine
1678 3564 1883 3624 tertiae
1926 3583 2243 3644 personae,
2302 3567 2594 3643 quomodo
2642 3566 2702 3626 in
2752 3566 2880 3628 aliis
2928 3575 3066 3628 tunc
3108 3568 3220 3629 uti-
3253 3573 3306 3613 ³⁰

778 3739 802 3789 1
847 3731 1113 3799 Ciceroni]
1149 3734 1398 3783 'ciceronis
1428 3733 1493 3782 M
1664 3736 1696 3784 2
1736 3732 1989 3800 meretur]
2029 3752 2059 3784 ι·
2106 3745 2263 3786 meret
2292 3736 2434 3786 1301)
2470 3746 2690 3786 meretur
2725 3752 2836 3800 sup.
2875 3740 2961 3788 lin.
3003 3738 3084 3789 uel
3122 3754 3225 3788 me-

636 3853 709 3895 ret
741 3842 782 3892 S
871 3868 887 3884 ·
933 3839 1016 3891 uel
1047 3801 1103 3841 do
1134 3839 1365 3888 cicerone
1399 3838 1448 3886 L
1486 3837 1566 3887 uel
1606 3838 1833 3887 cicerone
1867 3839 1928 3888 M
2082 3839 2113 3889 3
2153 3839 2278 3889 flunt
2309 3840 2352 3889 S
2502 3843 2711 3909 exigunt
2751 3851 2804 3891 ut
2844 3841 2948 3891 MS
3086 3856 3226 3891 ama-

636 3943 739 4010 tur]
776 3962 807 3995 r
842 3950 1035 3992 amator
1069 3943 1116 3993 R
1256 3944 1288 3990 4
1324 3941 1404 3990 uel
1439 3956 1468 3989 a
1504 3941 1734 3991 cicerone
1772 3941 1942 3991 DNSr·
2091 3941 2220 4008 tam]
2259 3962 2289 3993 r
2325 3954 2375 3994 ta
2405 3946 2452 3994 R
2613 3944 2751 4011 aliis]
2785 3962 2814 3994 r
2847 3946 2951 3995 illis
2990 3947 3033 3994 R
3192 3949 3225 3998 5

636 4013 949 4082 posscssiuis
989 4013 1087 4062 HI)
1244 4012 1277 4062 t}
1313 4013 1465 4060 aliam
1506 4010 1725 4074 aliquam
1758 4011 1799 4059 S
1968 4014 1998 4063 7
2038 4023 2086 4063 et
2119 4030 2244 4072 suus
2282 4015 2363 4078 (ut
2397 4013 2521 4076 om.)
2561 4015 2652 4063 OD
2813 4015 2847 4064 8
2887 4025 2934 4064 ct
2970 4025 3023 4063 ut
3057 4014 3159 4080 sui]
3199 4033 3229 4064 r

638 4095 687 4138 et
723 4086 801 4134 sui
842 4080 1089 4133 RMOSL
1247 4089 1297 4131 et
1332 4091 1386 4130 ut
1424 4079 1539 4145 suo]
1582 4099 1612 4130 r
1651 4094 1699 4130 et
1736 4096 1829 4131 suo
1867 4082 1958 4131 130
2113 4083 2148 4132 9
2181 4083 2367 4150 potiar]
2409 4102 2437 4132 r
2475 4086 2639 4148 patiar
2675 4085 2721 4134 R
2889 4085 2952 4134 10
2991 4085 3158 4151 liccat]
3200 4103 3229 4134 r·

639 4156 751 4206 lic&
784 4162 845 4203 at·
874 4154 917 4202 lt
956 4153 1071 4202 licet
1110 4152 1158 4200 L
1295 4159 1416 4214 post
1452 4152 1551 4199 sic:
1591 4166 1802 4200 accusas
1841 4167 2009 4201 meum
2046 4153 2202 4202 filium
2243 4156 2488 4204 misereor
2526 4157 2597 4203 tui
2633 4155 2720 4203 filii
2764 4155 2956 4203 inuidet
2991 4157 3075 4205 ille
3115 4172 3227 4206 meo

641 4226 744 4275 tilio
780 4224 903 4274 add.
943 4223 1036 4273 DS
1068 4232 1119 4272 ee
1159 4237 1190 4269 r
1229 4225 1279 4272 in
1315 4237 1407 4285 7119.
1458 4221 1525 4269 Vt
1566 4229 1711 4285 rogat
1748 4236 1828 4269 me
1867 4222 1952 4270 ille
2001 4235 2054 4273 ut
2091 4231 2205 4273 tuus
2245 4224 2380 4286 legat
2418 4225 2555 4289 apud
2592 4241 2672 4274 me
2707 4225 2839 4280 filius
2876 4224 2955 4272 uel
2994 4235 3136 4288 rogat
3179 4235 3228 4274 tc

640 4296 721 4344 ille
766 4302 817 4341 ut
862 4308 1004 4341 meus
1042 4293 1179 4358 legat
1216 4291 1355 4356 apud
1404 4299 1452 4339 te
1488 4290 1641 4340 filius.
1694 4298 1745 4338 ut
1785 4306 1995 4341 accuses
2041 4308 2205 4341 meum
2243 4295 2421 4347 filium.
2478 4296 2722 4343 miserear
2757 4295 2830 4342 tui
2868 4294 2978 4343 filii.
3032 4295 3230 4344 inuidet

640 4363 895 4428 (inuideat
930 4362 984 4426 n)
1028 4378 1140 4412 meo
1180 4362 1304 4412 filio.
1343 4363 1393 4410 N
1572 4360 1629 4409 11
1672 4361 2148 4422 *abundantiaesso
2189 4363 2236 4410 D
2274 4363 2648 4412 habundantius
2682 4366 2728 4415 11
2811 4368 2823 4409 t
2880 4364 2942 4413 14
2979 4364 3144 4428 legem
3181 4366 3229 4413 N

781 4432 843 4482 15
879 4434 976 4481 sub
1014 4433 1137 4486 add.
1172 4449 1203 4480 r
1353 4437 1703 4495 suppotestate
1743 4429 1790 4478 N
1944 4432 2004 4481 16
2040 4434 2320 4496 accipiatur
2353 4435 2401 4482 D
2559 4435 2717 4499 Very,
2752 4449 2927 4499 qeory.
2965 4435 2982 4481 l
3022 4437 3086 4484 57

640 4505 689 4552 iu
728 4501 877 4566 geor‘.
919 4503 939 4550 1
976 4503 1025 4550 N
1062 4503 1079 4550 1
1116 4502 1393 4565 georgicon
1433 4499 1474 4548 Ο
1618 4498 1678 4548 17
1720 4496 1923 4563 molles]
1965 4502 2003 4549 d
2035 4501 2191 4550 moles
2227 4503 2274 4550 D
2427 4502 2574 4551 thura
2609 4503 2649 4550 S
2797 4504 2938 4576 sanci
2971 4504 3021 4552 N
3161 4503 3227 4554 18

637 4571 939 4621 Tcssrentius
967 4571 1047 4634 (r)
1085 4571 1131 4618 I)
1168 4571 1439 4620 terrentius
1471 4570 1519 4618 L
1668 4569 1782 4620 Ter.
1824 4570 2029 4619 I’leorm.
2070 4573 2112 4618 lt
2146 4575 2196 4632 4,
2238 4572 2302 4621 14
2444 4572 2691 4621 sermione
2722 4573 2773 4621 N
2913 4573 2977 4623 19
3012 4570 3154 4635 quot]
3198 4589 3228 4620 r

640 4641 778 4705 quod
814 4640 861 4689 lt
896 4655 1001 4688 eum
1042 4641 1154 4689 Ter.
1195 4641 1367 4692 Bemb.
1410 4647 1531 4702 quot
1566 4637 1666 4687 nil*
1701 4639 1743 4686 S
1910 4655 2020 4687 mos
2057 4648 2150 4688 est*
2179 4642 2293 4690 Ter.
2332 4641 2504 4693 Bemb.
2667 4644 2736 4693 20
2772 4643 2818 4690 si
2853 4643 2905 4691 N
3059 4639 3144 4691 fiat
3179 4644 3228 4691 N

780 4709 1094 4772 possessiuis
1132 4709 1182 4758 N
1338 4711 1400 4759 21
1440 4708 1615 4774 prebet
1650 4709 1729 4756 Dr
1767 4709 1945 4772 probet
1982 4709 2024 4758 R
2192 4713 2258 4759 22
2297 4708 2507 4775 potitur]
2552 4727 2582 4758 r·
2620 4713 2807 4774 patitur
2843 4713 2890 4761 R
3038 4713 3226 4760 transi-

638 4776 744 4843 tus]
777 4795 807 4826 r
844 4779 1081 4827 transitui
1117 4777 1163 4827 R
1306 4779 1373 4828 23
1407 4776 1500 4843 uti]
1528 4795 1558 4826 r
1586 4787 1639 4826 ut
1674 4777 1785 4828 lm
1923 4781 1990 4827 24
2026 4779 2159 4829 dono
2196 4779 2300 4828 filio
2334 4778 2614 4844 Ciceronis]
2652 4781 2774 4829 add.
2810 4797 2842 4828 v·
2981 4778 3164 4847 potior]
3197 4797 3230 4828 r

638 4851 821 4913 pol-tio
861 4847 908 4897 R
1050 4845 1119 4896 26
1154 4845 1531 4897 habundantiae
1567 4847 1614 4897 R
1766 4847 2063 4911 28.1iqueat
2100 4848 2148 4897 L
2302 4851 2369 4900 29
2410 4851 2480 4897 uti
2520 4851 2763 4916 primitiui
2802 4851 2843 4899 O
2992 4853 3063 4899 uti
3099 4852 3148 4903 Ιι.
3190 4853 3223 4899 l.

638 4934 729 4972 om.
765 4915 806 4969 O
