3576 5595
487 2308 576 2358 171

558 3125 587 3171 Οὐ

605 396 731 454 500
1717 394 2058 454 PRlSClAN
2065 395 2087 454 1

709 523 754 562 p.
779 510 892 549 1²66.
921 510 1042 549 ⁶71).
1473 549 1476 554 ,
2053 559 2067 570 .
2792 508 3097 560 paamaati.

610 581 908 660 spondeis.
997 581 1202 640 Tracta
1265 579 1529 655 singulos
1585 578 1786 659 pedes.
1875 582 2063 658 Atque
2131 601 2197 662 ea
2265 580 2526 657 dactylus
2594 600 2662 639 ex
2734 599 2845 640 una
2912 579 3085 654 longa
3145 588 3204 638 et

609 682 838 743 duabus
873 681 1146 741 brevibus
1175 691 1232 740 et
1269 690 1485 740 cetera.
1533 684 1690 750 Quot
1730 690 1927 760 partes
1971 682 2252 742 orationis
2289 681 2465 741 habet
2505 680 2613 741 iste
2647 679 2896 741 versus?
2943 683 3201 758 Septem.

612 788 768 854 Quot
809 782 1086 844 nomina?
1133 783 1281 844 Duo.
1351 781 1557 852 Quae?
1606 783 1843 842 Diversa
1884 792 1941 842 et
1987 791 2171 862 parte.
2263 785 2421 853 Quot
2464 781 2682 842 verba?
2738 782 2945 853 Vnum,
2992 799 3207 858 gerun-

585 896 722 945 tur.
813 885 968 954 Quot
1012 882 1405 962 pronomina?
1461 883 1679 955 Vnum,
1724 903 1813 943 ea.
1906 885 2063 955 Quot
2107 882 2419 945 adverbia?
2464 884 2623 954 Duo,
2668 882 2905 963 penitus
2949 892 3008 942 et
3042 882 3202 941 dum.

613 989 772 1056 Quot
814 983 1304 1046 coniunctiones?
1369 984 1572 1055 Vnam,
1619 993 1815 1061 atque.
1906 986 2115 1044 Tracta
2162 985 2426 1062 singulas
2471 995 2690 1063 partes,

780 1093 1012 1165 Atque
1069 1105 1219 1163 quae
1277 1106 1412 1165 pars
1472 1086 1753 1146 orationis
1812 1085 1945 1146 est?
2028 1087 2396 1147 coniunctio.
2479 1086 2661 1147 Cuius
2718 1096 2807 1146 est
2853 1084 3207 1166 potestatis?

613 1189 1009 1268 tlopulativae.
1084 1188 1306 1247 ordinis
1357 1187 1719 1260 communis,
1779 1197 1897 1247 tam
1953 1173 2325 1267 praepositivi
2365 1206 2539 1265 quain
2585 1188 2990 1267 postpositivi,
3050 1188 3209 1247 inve-

611 1291 782 1350 nitur·
876 1289 982 1350 sed
1041 1308 1174 1349 raro
1229 1289 1635 1368 postponitur,
1694 1289 1988 1365 quomodo
2039 1290 2233 1349 etiam.
2310 1290 2383 1349 Et
2423 1289 2559 1366 quid
2609 1289 2855 1349 interest
2897 1289 3051 1348 inter
3093 1307 3209 1365 que

610 1401 670 1450 et
705 1410 774 1451 ac
817 1399 875 1450 et
917 1389 1132 1468 atque?
1178 1391 1326 1460 Quia
1362 1409 1476 1467 que
1523 1408 1758 1468 semper
1785 1391 2166 1468 postpositixa
2202 1401 2293 1451 est
2329 1394 2340 1472 Ι
2378 1399 2438 1450 et
2478 1390 2745 1449 enclitica
2800 1400 2858 1449 et
2914 1390 3210 1467 signiticat

611 1511 730 1553 non
776 1493 949 1552 modo
992 1502 1051 1552 et
1095 1493 1200 1552 sed
1241 1493 1413 1552 etiam
1459 1511 1520 1549 τε
1560 1492 1872 1562 Graecam,
1909 1493 2143 1568 quando
2188 1492 2465 1573 repletiva
2508 1500 2616 1551 est.
2704 1511 2775 1550 ac
2817 1500 3011 1552 autem
3052 1509 3283 1551 sem-1⁰

611 1613 719 1673 per
761 1593 1151 1673 praepositiva
1198 1601 1288 1652 est
1323 1601 1383 1651 et
1406 1576 1710 1672 'accipitur
1747 1593 1920 1653 etiam
1961 1611 2068 1671 pro
2115 1593 2390 1654 adverbio
2435 1592 2868 1664 similitudinis,
2915 1591 3211 1670 quomodo

612 1705 821 1773 atque,
868 1703 930 1755 ut
974 1697 1033 1754 in
1081 1695 1250 1754 tertio
1295 1695 1670 1754 Aeneidos

918 1796 1107 1857 haud
1151 1815 1373 1856 secus
1413 1815 1495 1855 ac
1539 1795 1730 1855 iussi
1779 1796 2088 1856 faciunt.

613 1909 672 1959 ct
717 1908 911 1959 autem
956 1907 1065 1957 tam
1112 1897 1497 1976 praepositiva
1544 1917 1716 1975 quam
1759 1897 2143 1976 postpositiva
2189 1895 2620 1977 copulationem
2666 1896 2853 1957 solam
2898 1897 3208 1973 significat.

614 2000 796 2060 Cuius
855 2008 945 2059 est
1003 2002 1224 2077 figurae
1282 1998 1503 2076 atque?
1582 1999 1978 2078 compositae.
2068 1998 2155 2057 Ex
2195 1996 2459 2075 quibus?
2540 1997 2627 2057 Ex
2667 1998 2900 2058 duobus
2944 1997 3210 2074 integris,
3236 2019 3287 2057 ιε,
3338 1989 3351 1998 ⁹

612 2110 672 2161 at
713 2110 772 2160 et
813 2119 948 2179 qne.
1025 2104 1213 2170 Quem
1246 2100 1423 2159 habet
1466 2099 1817 2161 accentum?
1888 2100 2279 2180 PraepOsitiva
2321 2098 2515 2159 omnis
2562 2100 2898 2160 coniunctio
2944 2109 3003 2158 et
3040 2117 3214 2177 prae-

614 2203 827 2283 positio
871 2211 1179 2280 gravatur,
1226 2201 1608 2280 postpositiva
1655 2212 1850 2262 autem
1900 2202 2234 2279 generalem
2277 2209 2585 2261 accentum
2630 2210 2821 2261 servat
2867 2199 3210 2261 dictionum.

787 2304 881 2363 Ea
924 2321 1073 2379 qnae
1113 2321 1248 2381 pars
1288 2302 1571 2363 orationis
1615 2301 1747 2362 est?
1793 2302 2142 2363 Pronomen.
2225 2300 2453 2372 Quale?
2497 2303 2943 2363 Subiunctivum
2990 2300 3078 2360 vel
3122 2319 3215 2360 re-

614 2405 868 2465 lativum.
954 2403 1314 2464 Primitivnm
1362 2411 1582 2463 est'an
1633 2401 2057 2464 derivativum?
2118 2403 2499 2464 Primitivum.
2582 2404 2739 2473 Quot
2803 2409 2942 2463 sunt
2995 2421 3217 2481 prono-

615 2507 771 2567 mina
828 2501 1267 2565 indu‘bitabilia‘?
1341 2504 1632 2564 Primitiva
1688 2505 1924 2582 quidem
1978 2515 2142 2578 octo,
2194 2507 2418 2585 primae
2472 2522 2762 2584 personae
2807 2524 3021 2574 uuum,
3070 2523 3290 2582 eg032o

616 2606 910 2667 secundae
954 2625 1165 2679 unum,
1212 2615 1310 2682 tu;
1355 2604 1560 2666 tertiae
1607 2625 1735 2678 sex,
1781 2606 1878 2667 ille
1922 2607 2049 2685 ipse
2094 2607 2205 2666 iste
2245 2607 2340 2666 hie
2389 2606 2439 2666 is
2486 2606 2599 2666 sui.
2687 2606 2761 2665 Et
2800 2624 2981 2683 quare
3026 2606 3214 2686 prima

615 2716 675 2768 et
725 2707 982 2768 secunda
1035 2726 1286 2785 persona
1344 2707 1608 2784 singulas
1652 2706 1871 2767 habent
1917 2727 2122 2780 voceS,
2183 2708 2351 2768 tertia
2397 2717 2589 2767 autem
2633 2716 2720 2768 tot
2763 2716 2822 2768 et
2865 2717 2982 2767 tam
3024 2707 3212 2767 diver—

614 2807 756 2871 sas?
832 2808 981 2880 Quia
1035 2811 1222 2889 prima
1271 2821 1330 2871 et
1381 2810 1637 2871 secunda
1701 2821 2043 2889 praesentes
2104 2830 2338 2889 semper
2383 2819 2521 2870 sunt
2554 2808 2580 2892 ΙΙ
2611 2821 2670 2871 et
2715 2810 2873 2870 iuxta
2920 2829 2987 2869 se
3032 2808 3216 2871 collo-

615 2920 824 2981 cantur
870 2920 930 2971 et
981 2911 1472 2972 demonstrativae
1529 2920 1704 2985 sunt;
1769 2911 1941 2972 tertia
2001 2931 2136 2972 vero
2195 2912 2370 2972 modo
2440 2910 2599 2970 iuxta
2658 2911 2982 2973 collocatur
3038 2911 3214 2972 modo

614 3014 818 3091 longe,
884 3013 1059 3074 modo
1113 3032 1395 3092 praesens
1455 3014 1629 3074 modo
1689 3014 1933 3081 absens,
1993 3012 2168 3072 modo
2219 3012 2675 3074 demonstrativa
2732 3013 2908 3072 modo
2975 3011 3289 3073 relativam.

620 3118 797 3177 modo
838 3114 1167 3174 discretiva.
1259 3114 1408 3184 Quid
1455 3114 1702 3176 interest
1747 3116 1900 3174 inter
1945 3114 2039 3174 liic
2084 3124 2139 3173 et
2183 3114 2293 3174 iste
2336 3123 2395 3173 et
2439 3111 2531 3172 is?
2578 3114 2729 3184 Quia
2772 3114 2868 3174 hic
2915 3113 3216 3196 praeposi-

617 3217 794 3278 tivum
826 3224 916 3276 est
954 3224 1012 3275 et
1054 3215 1572 3276 demonstrativum
1603 3226 1662 3277 et
1700 3217 1760 3275 in
1806 3216 2197 3276 declinatione
2241 3214 2543 3275 nominum
2590 3234 2621 3274 a
2666 3216 3067 3292 grammaticis
3106 3234 3215 3294 pro

616 3316 861 3378 articulo
905 3316 1223 3397 accipitur3
1268 3318 1379 3377 iste
1423 3336 1561 3377 vero
1603 3317 2127 3377 demonstrativum
2176 3326 2296 3389 est,
2356 3316 2407 3376 is
2446 3315 2885 3377 subiunctivum
2932 3316 3019 3376 vel
3065 3316 3217 3377 rela-

3231 1038 3257 1074 5

557 3466 568 3479 .
617 3419 814 3479 tivum.
903 3417 999 3478 ille
1051 3428 1243 3497 potest
1289 3427 1347 3478 et
1392 3420 1449 3478 in
1490 3418 1621 3478 loco
1667 3418 1862 3495 aliquo
1920 3420 2093 3497 longe
2138 3420 2331 3499 posito
2380 3437 2513 3478 esse
2557 3417 3112 3489 demonstrativum,
3158 3427 3217 3477 et

615 3520 917 3581 relativum
974 3528 1168 3598 potest
1220 3528 1417 3580 tamen
1470 3519 1622 3580 idem
1669 3539 1804 3579 esse
1848 3528 1906 3579 et
1953 3538 2087 3579 cum
2136 3519 2527 3597 significantia
2569 3518 2759 3596 aliqua
2817 3519 3098 3598 proferri,
3151 3527 3291 3584 utao

616 3621 978 3701 Virgilius
1024 3622 1083 3680 in
1129 3621 1381 3700 septimo
1420 3621 1787 3681 Aeneidos

1804 3723 1917 3783 sic
1962 3722 2313 3801 luppiter
2360 3721 2487 3782 ille
2534 3720 2909 3781 monebat.

614 3826 743 3905 ipse
799 3833 992 3885 autem
1057 3831 1116 3883 et
1180 3823 1484 3884 relativum
1544 3832 1601 3883 et
1656 3823 2029 3885 discretivum
2088 3832 2206 3883 est:
2274 3823 2585 3883 relativum
2644 3831 2764 3894 est,
2822 3831 2886 3882 ut
2945 3823 3098 3883 idem
3158 3823 3216 3883 in

616 3927 822 3987 eodem

918 4009 1082 4090 ipse
1126 4010 1333 4071 modo
1379 4012 1701 4081 Aeneas,
1747 4010 1995 4069 nostri
2041 4009 2101 4069 si
2145 4017 2353 4068 tanta
2404 4007 2677 4087 cupido
2725 4017 2874 4083 est;
3236 4051 3291 4091 35

611 4112 986 4175 discretivum
1052 4120 1173 4187 est,
1230 4121 1293 4172 ut
1362 4131 1471 4190 ego
1527 4112 1685 4189 ipse,
1746 4120 1806 4171 tu
1861 4111 2018 4190 ipse,
2076 4109 2173 4170 ille
2228 4108 2389 4189 ipse:
2448 4109 2602 4170 idern
2648 4110 2709 4169 iu
2776 4110 3038 4170 secundo
3085 4113 3220 4170 Ae-

615 4215 890 4276 neidos

755 4383 787 4432 8
829 4382 1081 4445 quomodo
1130 4382 1278 4431 etiam
1332 4390 1379 4430 et
1427 4391 1474 4430 et
1527 4382 1645 4442 quia
1676 4416 1689 4429 .
1721 4382 1853 4440 Quid
1901 4383 2109 4430 interest
2148 4395 2181 4436 ς
2329 4381 2385 4430 ll
2431 4381 2685 4443 quomodo
2725 4392 2909 4444 utque,
2949 4379 3216 4432 Terentius

616 4460 715 4501 ‘ne
754 4453 906 4499 simili
953 4462 1156 4500 utamur
1201 4452 1410 4499 fortuna
1461 4462 1612 4513 atque
1665 4453 1742 4500 usi
1781 4455 1991 4500 sumns'
2038 4451 2262 4511 (Pleorm.
2301 4455 2433 4511 prol.
2471 4452 2561 4511 31)
2591 4487 2604 4499 .
2630 4452 2862 4499 similiter
2912 4453 3118 4515 ponitur
3162 4467 3223 4500 ac

617 4538 710 4586 pro
744 4536 923 4583 quam,
964 4530 1016 4569 ut
1049 4515 1174 4569 illud
1212 4522 1258 4568 iu
1301 4521 1448 4568 tertio
1490 4521 1746 4569 Aeneidos
1790 4522 2159 4570 Lindemannus
2198 4537 2225 4568 e
2262 4521 2432 4567 codice
2465 4521 2510 4567 L
2658 4521 2717 4567 12
2758 4522 2806 4568 iu
2844 4522 2989 4568 tertio
3032 4523 3219 4568 Aenei-

617 4588 731 4653 dos]
785 4608 831 4642 v.
865 4590 968 4640 236
1113 4589 1174 4638 17
1228 4599 1434 4637 seruant
1482 4591 1610 4639 CGS
1758 4591 1818 4637 18
1862 4591 1942 4637 uel
1997 4590 2264 4637 relatiuum
2304 4590 2385 4636 uel
2430 4588 2735 4636 redditiuum
2777 4590 2819 4636 C
2957 4592 3024 4637 213
3064 4590 3219 4637 collo-

618 4668 796 4706 cantur
828 4659 915 4705 ει
962 4658 1275 4706 collocuntur
1310 4660 1352 4705 (ι’
1399 4658 1755 4717 colloquuntur
1790 4660 1832 4705 S
1876 4659 2250 4720 conloquuntur
2295 4657 2336 4706 C
2510 4660 2579 4706 24
2617 4659 2892 4707 cottocaun·
2925 4660 3012 4706 sL
3062 4659 3215 4707 collo-

618 4729 788 4787 quitur
822 4728 910 4775 GS
956 4728 1274 4788 conloquitur
1307 4728 1348 4775 C
1497 4730 1565 4777 28
1609 4729 1687 4774 uel
1743 4728 2010 4775 relatiuum
2049 4727 2128 4775 uel
2178 4727 2489 4775 redditiuum
2530 4728 2610 4774 CS
2750 4730 2819 4777 29
2866 4736 2914 4776 et
2953 4729 3219 4777 relatiuum

618 4796 697 4841 uel
736 4795 1042 4841 redditiuum
1082 4796 1160 4843 CS
1298 4796 1366 4844 30
1415 4806 1580 4859 potest
1616 4812 1705 4844 0111.
1748 4798 1792 4845 G
1934 4797 1997 4846 31
2040 4798 2089 4845 iu
2138 4797 2357 4861 septimo
2403 4794 2686 4860 Aeneidos]
2735 4814 2781 4845 υ.
2822 4796 2923 4847 110
3064 4796 3132 4847 33
3168 4799 3219 4845 iu

618 4859 819 4923 codem]
876 4878 923 4912 v.
961 4862 1064 4911 263
1205 4862 1271 4912 36
1304 4864 1357 4910 in
1394 4866 1618 4913 secundo
1658 4866 1944 4930 Aeneidos]
1980 4882 2026 4915 υ.
2062 4867 2095 4915 5
