3576 5595
539 474 549 499 ι
583 402 701 464 156
1569 400 1937 463 Pnisciffl
1978 401 2165 465 imsr.

681 531 721 572 ρ.
753 520 853 560 1⁰75
883 517 925 560 r.
2766 531 2809 571 p.
2838 520 2900 561 52.
2930 519 2981 559 5³
3010 517 3062 560 κ.

576 592 783 653 ‘ante'
830 590 985 652 enim
1030 607 1165 651 cum
1211 588 1604 669 comparativo
1648 588 1903 669 positum
1943 589 2272 651 auctionem
2320 590 2574 652 auctioni
2619 591 2796 652 addit.
2886 590 3176 652 Teren-

578 695 731 756 tius
771 694 832 754 in
878 692 1188 754 Andria:

2244 802 2416 874 post
2458 795 2759 869 deinde,

883 897 1088 969 Quod
1133 896 1356 969 iussi,
1398 896 1462 955 ei
1502 896 1733 971 †dxare
1777 895 2073 969 bibere,

575 1000 834 1062 abundat
874 1003 1099 1079 ‘post'.
1189 998 1343 1060 idem
1387 998 1445 1058 in
1491 998 1728 1059 eadem:
3199 1014 3228 1053 5

1182 1092 1310 1180 pe'r
1356 1147 1369 1160 .
1412 1146 1426 1160 .
1472 1100 1811 1175 nimium,
1864 1119 2009 1160 non
2057 1100 2320 1174 laudo,

577 1207 759 1285 ‘per’
818 1222 1243 1283 supervacuum
1296 1221 1429 1263 esse
1490 1200 1746 1275 videtur,
1812 1203 2074 1280 quamvis
2133 1202 2434 1281 amplioris
2493 1201 2935 1281 significationis
2990 1222 3169 1264 causa

576 1312 771 1387 potest
813 1306 1017 1385 accipi.
1107 1304 1263 1366 idem
1305 1304 1364 1364 in
1409 1303 1646 1364 eadem:

2029 1406 2303 1467 abhinc
2347 1406 2758 1467 triennium

575 1530 696 1590 pro
723 1509 930 1571 ‘binc’.
1020 1508 1400 1586 Virgilius
1445 1508 1503 1568 in
1552 1509 1609 1568 l:
1669 1576 1675 1581 ,
3199 1522 3254 1561 ιο

882 1610 1180 1673 ltaliam
1228 1611 1383 1670 sato
1429 1610 1837 1689 profuguS,

574 1715 741 1775 deest
784 1713 906 1774 ‘ad’
955 1712 1308 1793 praepositio
1353 1757 1408 1785 „
1456 1730 1646 1789 neque
1694 1711 1740 1771 si
1787 1710 1977 1771 dicam
2018 1711 2193 1772 ‘Aiax
2212 1718 2254 1785 ⁹,
2302 1712 2457 1790 quod
2496 1719 2585 1772 est
2632 1710 2960 1790 singulare,
3001 1711 3171 1772 deest

506 1814 511 1829 '
577 1818 802 1877 ‘unus'.

474 1932 544 1984 86

751 1918 818 1980 ln
876 1916 1065 1977 verbis
1123 1915 1301 1994 igitur
1346 1901 1613 1975 similiter
1661 1913 1965 1987 accidunt,
2028 1933 2179 1993 quae
2234 1934 2349 1976 una
2406 1934 2538 1977 rum
2593 1916 2678 1976 eis
2728 1915 3165 1993 intelleguntur,

578 2027 642 2080 ut
688 2020 747 2079 in
791 2016 1117 2078 indicativis
1161 2018 1286 2097 ipsa
1330 2017 1607 2078 indicatio
1647 2024 1734 2087 et,
1782 2034 1930 2093 quae
1963 2036 2030 2077 ex
2064 2036 2131 2078 on
2162 2017 2547 2095 intellegitur,
2594 2017 2920 2077 affirmatiO.
3009 2018 3165 2079 unde
3199 2032 3250 2070 ¹⁵

576 2122 647 2182 ad
678 2120 1165 2198 interrogationes
1195 2119 1625 2199 respondentes
1672 2118 1900 2178 ‘etiam’
1945 2119 2281 2179 adverbium
2326 2119 2787 2180 confirmativum
2839 2118 2927 2178 vel
2975 2122 3165 2179 ‘non’

575 2224 665 2284 vel
712 2223 948 2285 verbum
993 2222 1365 2282 indicativum
1413 2220 1742 2293 reddimuS,
1807 2228 2004 2300 utpote
2061 2220 2285 2281 habens
2338 2221 2396 2281 in
2450 2240 2514 2281 se
2562 2220 3042 2294 affirmationem,
3103 2230 3168 2282 ut

575 2324 974 2403 interrogandi
1021 2321 1283 2401 ‘legis?’
1345 2321 1596 2383 ‘etiam'
1643 2322 1730 2383 vel
1772 2325 1966 2383 ‘non'
2012 2323 2441 2401 respondemus
2496 2322 2581 2383 vel
2639 2322 2858 2399 ‘lego’.
2950 2323 3052 2382 sed
3110 2333 3170 2383 et

574 2429 647 2489 de
692 2428 783 2489 his
828 2427 887 2486 in
934 2423 1371 2487 constructione
1409 2424 1719 2486 verborum
1758 2424 2028 2485 subtilius
2074 2425 2470 2486 tractabimus.

746 2530 905 2590 Inest
956 2528 1129 2589 etiam
1157 2526 1495 2604 ‚singularis
1544 2544 1826 2588 numerus
1874 2526 1932 2586 in
1995 2526 2169 2588 verbo
2231 2526 2502 2588 ‘scribo’
2564 2545 2672 2586 nec
2730 2534 2891 2604 eget,
2951 2535 3013 2587 ut
3064 2527 3248 2588 acl-20

576 2631 747 2692 datur
788 2633 1020 2703 ‘unus',
1075 2630 1594 2707 manifestumque,
1656 2628 1811 2706 quod
1852 2629 2023 2689 etiam
2065 2629 2455 2690 nominativus
2498 2628 2861 2710 pronominis
2908 2630 3062 2689 inest
3105 2631 3165 2690 in

575 2732 771 2794 verbo.
861 2750 1024 2811 ergo¹
1051 2731 1099 2793 si
1147 2751 1322 2812 supra
1368 2732 1518 2792 dicta
1565 2750 1683 2791 non
1733 2731 1978 2805 desunt,
2021 2730 2154 2809 quia
2195 2731 2640 2810 intelleguntur,
2686 2749 2796 2790 nec
2841 2750 3164 2812 pronomen

476 2844 542 2896 87
557 2825 778 2908 deest,
824 2854 934 2895 nec
977 2843 1205 2907 tamen,
1254 2836 1300 2896 si
1333 2835 1609 2907 addatur,
1656 2834 2035 2913 vituperanda
2066 2836 2130 2895 tlt
2159 2834 2536 2895 constructio.
2621 2843 2709 2892 est
2747 2834 2900 2894 enim
2933 2836 3169 2913 quando

576 2937 876 3018 amplioris
921 2956 1096 2999 causa
1144 2934 1584 3015 significationis
1629 2936 1925 2997 adduntur
1968 2956 2069 3012 ea,
2117 2955 2268 3014 quae
2304 2943 2585 3015 possunt,
2636 2936 2743 2996 etsi
2785 2956 2900 2996 nou
2946 2936 3168 2997 addan-

576 3049 701 3113 tur,
760 3037 1048 3117 intellegi,
1111 3047 1174 3099 ut
1229 3036 1484 3117 ‘legisZ”
1543 3038 1757 3099 ‘etiam
1813 3038 2019 3116 lego';
2094 3057 2231 3098 ecce
2290 3039 2442 3098 enim
2502 3037 2625 3108 hic,
2684 3038 2946 3116 quamvis
2999 3033 3008 3122 Ι
3061 3038 3246 3099 acl-2⁵

503 3173 518 3178 -
576 3140 837 3202 verbium
895 3141 1142 3201 ‘etiam’
1198 3160 1305 3220 per
1357 3159 1422 3200 se
1481 3140 1735 3220 positum
1791 3139 2144 3201 intellec-tum
2193 3140 2349 3200 verbi
2393 3140 2606 3200 babeat
2651 3139 2929 3219 praedicti
2977 3140 3032 3200 iu
3076 3140 3166 3200 in-

576 3241 1002 3321 terrogatione,
1057 3250 1249 3303 tamen
1300 3243 1559 3303 additum
1608 3261 1724 3302 non
1766 3243 1905 3302 fecit
1952 3243 2214 3303 vitiosam
2258 3241 2615 3315 orationem,
2666 3241 2767 3301 sed
2809 3242 2993 3320 magis
3036 3261 3164 3302 cer·

719 3413 741 3461 l
787 3409 943 3479 enim]
986 3428 1099 3462 eum
1131 3411 1173 3461 0
1312 3414 1603 3476 compatiuo
1637 3412 1684 3460 Ν
1717 3413 2049 3486 conparatiuo
2088 3415 2136 3462 D
2288 3414 2514 3477 positum
2553 3426 2664 3475 sup.
2703 3414 2793 3462 lin.
2833 3412 2955 3465 add.
2998 3429 3028 3461 r

1795 3490 1808 3516 Ι

575 3532 884 3599 auctionem]
916 3551 945 3583 r
989 3535 1283 3584 unccione-m
1323 3532 1370 3582 R
1526 3534 1818 3583 auco-tione
1849 3536 1898 3584 D
2055 3532 2256 3583 addidit
2290 3536 2339 3583 D
2503 3535 2769 3582 terrentius
2813 3534 2858 3583 l,
3041 3534 3157 3582 Ter.

577 3605 746 3654 Andr.
788 3606 851 3653 ΙΙΙ
889 3607 949 3664 2,
988 3602 1020 3653 3
1056 3619 1133 3668 sq.
1313 3606 1346 3651 4
1383 3602 1428 3651 ei
1476 3617 1567 3656 om.
1621 3603 1731 3652 cod.
1783 3606 1944 3668 reyin.
1992 3605 2043 3653 in
2085 3605 2205 3654 Vae.
2247 3602 2379 3654 1709
2427 3603 2491 3653 de
2525 3612 2664 3653 metr.
2723 3604 2838 3654 Ter.
2888 3605 2919 3665 S
2962 3601 3022 3652 17

576 3673 718 3740 dare]
753 3677 827 3724 sic
861 3689 1052 3739 quoque
1089 3672 1200 3721 cod.
1239 3688 1403 3721 comm.
1444 3675 1476 3721 l.
1515 3673 1577 3721 de
1608 3681 1747 3724 metr.
1787 3674 1902 3724 Ter.
1945 3675 1980 3723 l.
2021 3675 2152 3727 dari.
2190 3675 2286 3723 sed
2319 3674 2334 3721 i
2374 3688 2444 3722 ex
2479 3689 2616 3723 corr.
2656 3675 2707 3721 in
2744 3689 2853 3722 ras.
2892 3673 3009 3722 Ter.
3033 3673 3160 3722 Base.

574 3747 644 3794 al.
685 3746 799 3793 date
836 3747 907 3795 al.
949 3759 1054 3792 cum
1093 3744 1290 3792 Donato
1448 3743 1683 3792 biberunt
1713 3741 1754 3791 0
1924 3744 1956 3793 5
1998 3741 2259 3807 habundat
2300 3744 2377 3793 Rr
2559 3744 2676 3794 Ter.
2719 3743 2882 3791 Andr.
2928 3743 2965 3790 ll
3005 3743 3055 3802 6,
3094 3744 3163 3792 24

576 3815 650 3862 Tu
690 3828 891 3877 quoque
933 3828 1021 3877 per
1058 3826 1208 3875 parce
1248 3812 1489 3872 nimium,
1530 3828 1627 3862 non
1668 3815 1819 3863 laudo
1852 3813 1923 3875 cf.
1966 3815 2048 3864 lib.
2090 3812 2183 3860 XV
2221 3814 2340 3875 §34
2480 3812 2513 3863 6
2553 3829 2644 3878 per
2680 3814 3162 3863 nimium—casua·

576 3884 711 3933 libus
749 3883 804 3932 id
840 3891 916 3931 est
946 3881 1141 3944 p.159‚
1175 3879 1240 3931 10
1257 3882 1355 3943 [οἱ.
1396 3897 1492 3932 uno
1515 3884 1795 3945 intercepto
1820 3884 2037 3940 excidit,
2068 3885 2163 3932 sed
2201 3900 2263 3946 m.
2295 3885 2453 3946 paulo
2480 3885 2760 3934 recentiore
2788 3884 3062 3945 suppletum
3090 3890 3166 3932 est

573 3955 623 4002 in
666 3955 714 4002 D
859 3949 1046 4015 laudo]
1093 3968 1122 3999 r
1179 3952 1326 4000 laude
1358 3952 1404 4001 R
1554 3954 1585 4002 7
1635 3953 2006 4017 significantiae
2043 3953 2253 4002 MONS
2285 3955 2624 4018 significantie
2646 3955 2693 4002 D
2863 3956 2896 4001 8
2931 3967 3020 4016 pro
3046 3952 3162 4001 hinc

575 4038 692 4071 neum
732 4023 973 4071 minuitur
1010 4023 1170 4070 ..ratio
1209 4022 1604 4086 praepositione.
1643 4022 1684 4071 0
1852 4025 1967 4073 Ter.
2005 4024 2171 4075 Andr.
2212 4024 2231 4071 Ι
2274 4025 2319 4075 l.
2354 4027 2419 4074 42
2586 4026 2763 4073 eodem
2800 4020 2842 4071 S
3004 4022 3038 4072 9
3075 4023 3164 4070 ab-

574 4089 715 4159 hinc]
751 4107 782 4139 r
819 4092 1006 4141 adhinc
1039 4091 1086 4141 R
1241 4089 1306 4142 10
1348 4093 1504 4155 Vera.
1545 4093 1674 4141 Aen.
1714 4094 1791 4142 12
1970 4096 1988 4143 1
2025 4093 2267 4143 aeneidos
2308 4092 2409 4142 MS
2587 4095 2648 4144 12
2687 4107 2849 4156 neque
2880 4093 3014 4141 enim
3052 4094 3097 4142 si
3134 4109 3165 4142 r

717 4213 783 4265 14
817 4158 975 4263 sigilii>
1016 4213 1062 4261 L
1097 4212 1306 4268 (uerbis
1339 4214 1452 4262 rell.
1484 4212 1683 4274 omnes)
1863 4215 2018 4280 igitur
2051 4229 2163 4277 sup.
2204 4215 2290 4262 lin.
2330 4213 2452 4263 add.
2493 4230 2523 4262 r
2697 4214 2944 4263 accedunt
2980 4213 3027 4262 L

579 4299 679 4333 una
713 4299 825 4333 cum
865 4296 924 4333 eo
965 4281 1223 4333 RMODL
1356 4280 1451 4331 '15
1500 4291 1555 4331 ut
1593 4283 1886 4333 indicatiuis
1924 4287 1970 4334 D
2148 4283 2440 4333 indu-minis
2478 4284 2650 4334 uerbis
2688 4285 2802 4348 ipsa
2836 4283 2888 4332 N
3050 4284 3164 4350 ipsa

578 4352 847 4403 affirmatio
888 4352 950 4401 M
1092 4352 1156 4401 16
1195 4352 1323 4401 bene
1357 4354 1724 4418 respondentes
1747 4354 1799 4403 N
1949 4354 2009 4403 17
2046 4354 2448 4403 adfirmationem
2471 4369 2502 4401 r
2644 4354 2707 4404 18
2743 4355 3073 4417 interroganti
3106 4353 3168 4402 M

721 4422 784 4473 19
821 4430 868 4471 et
903 4439 993 4472 om.
1028 4421 1256 4473 RONSI,
1397 4423 1462 4470 iis
1501 4422 1542 4473 O
1572 4419 1580 4426 ’
1698 4423 1767 4473 20
1800 4422 1911 4489 nec]
1953 4439 2051 4473 non
2093 4423 2134 4474 O
2283 4422 2343 4473 21
2389 4423 2715 4474 manifestum
2754 4437 2954 4485 quoque
2981 4423 3022 4470 S
3058 4438 3163 4472 ma-

577 4491 918 4555 nifestumque
955 4500 1030 4542 est
1072 4491 1262 4541 MNO?
1436 4494 1567 4542 inest
1597 4495 1648 4542 in
1688 4491 1874 4558 verbo]
1912 4511 1941 4543 r
1988 4495 2118 4544 inest
2155 4495 2205 4559 in
2247 4493 2402 4542 uerbo
2441 4493 2501 4542 M
2551 4502 2627 4541 est
2664 4495 2715 4540 in
2751 4491 2908 4542 uerbo
2941 4491 2986 4540 Ιί
3033 4493 3166 4541 inest

1727 4571 1754 4597 u

580 4611 737 4661 uerbo
775 4611 874 4660 NL
1035 4611 1101 4664 23
1140 4610 1215 4678 fit]
1255 4614 1321 4662 sit
1358 4612 1456 4661 M?
1619 4615 1868 4664 adduntur
1906 4614 1964 4680 (a
1997 4619 2050 4665 ni
2080 4612 2155 4678 f.)
2192 4616 2239 4664 L
2412 4614 2479 4663 24
2515 4628 2573 4661 ea
2612 4610 2764 4678 quae]
2803 4628 2834 4660 r
2869 4625 3031 4672 eaque
3068 4612 3166 4662 RN

720 4682 917 4731 etiamsi
954 4683 1003 4731 N
1138 4681 1413 4749 addantur]
1457 4700 1486 4731 r
1522 4684 1778 4734 adduntur
1812 4685 1860 4735 13
2013 4685 2080 4736 25
2118 4684 2247 4750 legis
2279 4684 2324 4732 si
2363 4683 2724 4748 iuterrogatiue
2760 4681 3050 4748 proseratur
3086 4697 3164 4732 re-

580 4751 829 4816 spondeat
868 4754 983 4814 quis
1013 4753 1161 4801 etium
1199 4753 1243 4800 D
1384 4751 1487 4818 hic]
1526 4771 1555 4803 r·
1589 4753 1711 4803 mihi
1749 4754 1795 4803 R
1945 4754 2013 4805 2ss
2051 4755 2099 4802 in
2137 4771 2227 4805 om.
2265 4752 2306 4801 S
2454 4755 2519 4803 27
2564 4753 2808 4803 niciosam
2849 4754 2898 4802 D
3049 4766 3164 4802 ora-

582 4819 803 4884 tionem]
842 4821 921 4869 Dr
968 4823 1389 4884 uituperationeui
1430 4824 1471 4873 Η
1518 4823 1949 4874 confirmationem
1991 4825 2090 4874 NL
2132 4824 2556 4877 constructionem
2605 4822 2689 4873 OS
2730 4823 3165 4874 confirmationem

580 4892 663 4941 uel
696 4892 1116 4941 constructionem
1148 4890 1215 4940 M
