3576 5595
1480 424 1896 496 PRAEFATIO
2915 437 2978 487 xi

390 618 774 714 plerumque
826 613 1150 707 neglexit:
1219 642 1302 685 ne
1356 616 1558 705 igitur
1603 615 1822 702 fraudi
1867 625 2040 681 esset
2089 612 2444 682 lectoribus
2499 616 2662 681 haec
2698 612 2979 693 collati0‚

391 729 476 791 iis
519 725 713 808 locis,
764 725 881 790 ubi
938 723 1102 787 nihil
1153 722 1233 801 de
1277 743 1356 786 ea
1400 730 1713 785 testatum
1753 730 1920 802 erat,
1980 719 2329 783 lectionem
2376 717 2838 800 Krehlianam,
2893 718 2979 781 ad

392 849 588 913 quam
630 827 923 892 codicem
970 823 1249 888 contulit
1301 821 1701 904 Presselius,
1756 822 2083 908 adscripsi
2141 820 2401 883 adiecta
2460 817 2652 885 litera
2695 819 2754 882 O
2790 821 2977 883 uncis

396 923 655 992 inclusa
688 927 843 1014 (O),
888 947 1014 1011 quo
1062 927 1251 1010 signo
1295 924 1677 1009 saepissime
1722 914 1966 987 codicis
1997 921 2056 984 O
2094 920 2482 986 lectionibus
2521 942 2654 984 non
2699 922 2978 985 enotatis

393 1051 592 1092 unam
624 1026 854 1092 ‘solam
912 1026 1257 1091 lectionem
1315 1023 1742 1088 Krehlianam
1787 1023 2070 1086 indicari
2114 1045 2260 1105 coe,
2324 1022 2435 1108 qui
2480 1021 2709 1085 harum
2761 1044 2979 1086 rerum

394 1129 869 1215 quadamtenus
914 1129 1106 1214 periti
1153 1135 1335 1209 sunt,
1379 1148 1512 1190 non
1552 1125 1784 1210 fugiet.
1853 1123 1968 1187 ubi
2013 1123 2144 1188 alia
2183 1123 2502 1210 quaedam
2545 1123 2863 1187 dubitatio
2897 1124 2978 1187 de

394 1230 523 1293 fide
579 1229 947 1294 collationis
1003 1228 1540 1310 subnasccretur,
1595 1228 1853 1311 signum
1909 1225 2439 1310 interrogationis
2488 1227 2794 1311 apposui:
2869 1224 2977 1288 O?

391 1340 743 1416 utrumque
787 1337 853 1394 et
893 1330 964 1394 in
1008 1328 1234 1393 codice
1264 1328 1337 1392 M
1377 1327 1533 1409 feci,
1575 1329 1687 1413 qui
1723 1325 1930 1391 multo
1963 1325 2221 1415 plenius
2259 1334 2452 1412 atque
2489 1327 2863 1390 accuratius
2895 1325 2979 1389 ab

394 1430 634 1496 Heinio
690 1432 965 1495 collatus
1021 1440 1152 1511 est,
1206 1438 1271 1493 et
1315 1430 1385 1493 in
1426 1427 1765 1493 codicibus
1804 1449 1845 1490 a
1888 1450 1991 1491 me
2044 1427 2298 1492 collatis
2315 1476 2332 1509 ,
2392 1427 2506 1492 ubi
2565 1426 2674 1491 vel
2719 1425 2979 1492 silentio

395 1555 538 1597 meo
580 1534 687 1597 vel
724 1531 1057 1596 collationi
1101 1553 1286 1596 meae
1331 1530 1730 1611 diffiderem,
1773 1530 1948 1615 quod
1975 1520 2257 1615 ¹perraro
2305 1551 2464 1593 sane
2511 1529 2772 1593 accidit.
2863 1529 2979 1594 scd

395 1636 452 1698 si
500 1636 569 1698 in
615 1636 995 1698 universum
1041 1655 1261 1698 errare
1305 1633 1660 1697 humanum
1705 1640 1838 1713 est,
1884 1630 2006 1695 hoc
2043 1631 2329 1694 maxime
2372 1653 2530 1694 sane
2569 1632 2853 1717 pertinet
2895 1631 2982 1694 ad

396 1735 903 1798 minutissimum
957 1734 1129 1799 hunc
1191 1734 1482 1800 laborem
1516 1733 1717 1799 libros
1772 1755 1929 1798 mss.
1974 1732 2388 1815 conferendi,
2442 1732 2556 1796 ubi
2599 1754 2684 1797 ne
2727 1753 2981 1796 summa

395 1836 654 1921 quidem
700 1835 829 1900 fide
866 1845 1059 1924 atque
1106 1835 1452 1921 diligentia
1492 1843 1683 1899 utens
1726 1856 1979 1900 errores
2024 1833 2272 1920 aliquot
2330 1835 2560 1899 evites.
2648 1834 2715 1897 in
2756 1834 2980 1899 codice

396 1937 466 2001 M
508 1947 847 2024 praeterea
891 1938 1248 2002 testimonii
1292 1937 1605 2001 Heiniani
1650 1946 1716 2001 et
1747 1935 2170 2024 Spengeliani
2208 1935 2679 2021 discrepantias
2722 1944 2983 2023 praeter

399 2039 765 2103 levissimas
804 2041 1120 2125 quasdam
1152 2038 1420 2103 reculas
1465 2038 1709 2124 ubique
1745 2040 2004 2120 notavi,
2057 2026 2173 2102 ubi
2217 2058 2347 2101 non
2392 2038 2723 2123 expressis
2761 2038 2980 2102 verbis
3057 2064 3061 2067 *

396 2141 524 2205 viri
585 2120 1069 2225 diligentissimi
1142 2139 1402 2205 collatio
1486 2140 1569 2204 ab
1636 2139 1878 2205 Heinio
1958 2138 2308 2227 reprobata
2383 2146 2580 2224 atque
2638 2140 2984 2204 emendata

397 2250 593 2306 esset.
639 2240 757 2305 (ῆι.
802 2251 866 2305 et
894 2242 976 2306 G.
1023 2250 1245 2319 notae,
1287 2241 1404 2306 ubi
1444 2262 1531 2304 ex
1559 2237 1750 2305 codd.
1784 2241 2166 2329 praesertim
2200 2238 2266 2301 D
2301 2248 2367 2302 ct
2393 2238 2452 2302 N
2486 2249 2782 2304 enotatae
2811 2252 2986 2327 sunt,

380 2344 525 2408 nisi
573 2342 753 2407 aliud
798 2342 957 2428 quid
999 2344 1296 2407 additum
1341 2336 1474 2425 est,
1517 2343 1842 2425 indicant,
1900 2341 2020 2405 has
2074 2341 2296 2405 literas
2340 2342 2408 2404 in
2454 2339 2639 2405 libris
2679 2340 2781 2406 his
2823 2366 2981 2409 mss.

397 2443 699 2509 omnibus
764 2443 1107 2508 vocabulis
1158 2443 1436 2509 Graecis
1487 2445 1571 2508 ad
1636 2443 1931 2529 singulos
1971 2443 2162 2508 'locos
2215 2463 2422 2528 usque
2472 2443 2555 2505 ad
2613 2446 2981 2529 proximum

392 2568 538 2612 voc.
585 2544 895 2609 Latinum
938 2546 1416 2630 pertinentibus
1477 2546 1867 2609 substitutas
1936 2566 2101 2608 esse.
2189 2543 2465 2608 Alfredo
2524 2544 2980 2630 FleckeisenO,

395 2649 508 2734 qui
552 2668 669 2733 per
710 2655 920 2711 totum
963 2648 1303 2729 volumen,
1349 2657 1413 2712 et
1457 2648 1761 2732 Augusto
1808 2645 2141 2727 Nauckio,
2188 2647 2300 2732 qui
2329 2666 2447 2732 per
2486 2655 2779 2709 extrema
2822 2648 2983 2712 folia

394 2749 511 2815 has
555 2748 855 2836 plagulas
902 2771 1155 2814 mecum
1205 2747 1606 2835 relegerunt,
1661 2771 1794 2815 non
1835 2749 2027 2814 modo
2069 2756 2334 2834 propter
2388 2747 2553 2811 vitia
2596 2749 2978 2836 typothetae

396 2851 776 2934 emendata,
838 2850 957 2915 sed
1024 2859 1286 2937 propter
1330 2851 1704 2936 ingeniosas
1758 2872 1838 2916 ac
1899 2836 2124 2916 doctas
2187 2847 2433 2937 aliquot
2493 2849 2984 2917 observationes

395 2974 638 3017 mecum
682 2953 932 3038 gratias
979 2962 1177 3037 agent
1219 2950 1517 3017 lectores.

564 3053 700 3119 Vix
722 3053 857 3118 ulla
886 3055 1454 3138 grammaticorum
1500 3053 1884 3117 Latinorum
1925 3052 2246 3140 particula
2277 3062 2523 3118 tantam
2555 3055 2981 3119 mutationem

398 3155 698 3220 subitura
756 3165 884 3236 est,
942 3162 1253 3241 quantam
1312 3155 1514 3219 subiit
1562 3154 1942 3218 Priscianus
1983 3157 2214 3221 minor.
2303 3165 2370 3219 at
2421 3156 2479 3219 is
2523 3177 2761 3220 novam
2814 3156 2982 3221 hanc

394 3264 647 3323 vestem
687 3256 903 3321 induit
941 3278 1070 3320 non
1108 3278 1195 3320 cx
1241 3255 1515 3321 arbitrio
1564 3255 1846 3342 quodam
1903 3278 2025 3321 nec
2070 3278 2157 3320 cx
2201 3257 2467 3320 licentia
2507 3267 2620 3320 aut
2659 3278 2745 3321 ex
2786 3278 2984 3322 caeca

395 3357 616 3444 aliqua
651 3358 1010 3423 innovandi
1054 3358 1451 3445 cupiditate,
1506 3358 1622 3422 scd
1668 3356 2027 3423 secundum
2076 3358 2667 3423 vetustissimorum
2719 3361 2983 3423 testium

398 3460 588 3524 fidem
637 3457 944 3544 religiose
989 3471 1321 3524 servatam
1376 3468 1441 3524 et
1496 3482 1614 3546 pro
1669 3459 1923 3524 viribus
1981 3461 2066 3524 ad
2120 3460 2334 3544 ipsum
2376 3458 2496 3524 hoc
2539 3459 2983 3524 firmissimum
3103 3483 3108 3486 ²

397 3559 895 3624 fundamentum
939 3561 1372 3650 emendatam.
1462 3560 1638 3625 haud
1692 3583 1962 3648 prorsus
2009 3561 2207 3647 igitur
2250 3560 2615 3645 indignum,
2664 3583 2812 3625 cum
2850 3583 2981 3626 me-

399 3662 591 3746 liora,
648 3659 815 3747 quae
859 3660 944 3726 ad
987 3661 1160 3726 diem
1203 3663 1768 3749 exoptatissimum
1834 3664 1942 3749 pio
1981 3661 2341 3749 libentique
2396 3664 2613 3727 animo
2660 3663 2979 3743 afferrem,

396 3785 527 3828 non
580 3770 843 3850 praesto
897 3772 1150 3846 essent,
1225 3763 1348 3828 hoc
1411 3763 1717 3829 volumen
1780 3773 1918 3827 tum
1990 3763 2513 3849 semiperfectum
2586 3766 2802 3828 visum
2864 3775 2981 3849 est,

397 3865 571 3951 quod
613 3864 758 3929 viro
806 3886 1088 3947 summo,
1136 3864 1368 3929 Ioanni
1427 3865 1765 3947 Schulzio,
1822 3864 1935 3951 qui
1992 3857 2249 3947 ’πατὴρ
2296 3855 2383 3939 (ὃς
2423 3857 2652 3948 ἤπιος’
2707 3889 2812 3930 me
2854 3876 2984 3930 stu-

397 3966 635 4051 diaque
690 3987 838 4029 mea
889 3965 1091 4047 fovit,
1144 3966 1431 4029 muneris
1497 3968 1761 4050 egregie
1817 3968 2064 4051 peracti
2128 3967 2300 4031 festa
2347 3966 2874 4031 semisaecularia
2921 3968 2983 4032 d.

398 4067 609 4130 XXX-
647 4090 732 4131 m.
780 4067 1066 4151 Augusti
1110 4065 1172 4129 h.
1221 4088 1278 4129 a.
1313 4068 1535 4152 agenti
1584 4067 1892 4131 dicarem.
1984 4089 2160 4131 nunc
2214 4089 2374 4132 vero
2435 4090 2629 4153 opere
2683 4066 2983 4133 absoluto

398 4190 529 4233 non
557 4177 811 4233 tantum
843 4167 1347 4252 gratulationem
1392 4166 1573 4230 illam
1612 4169 1848 4233 iterare
1886 4168 2066 4246 licet,
2114 4168 2231 4232 sed
2275 4171 2472 4233 etiam
2504 4169 2677 4233 votis
2708 4169 2983 4234 fervidis

398 4292 620 4334 senem
662 4269 1152 4335 meritissimum
1200 4277 1266 4334 et
1314 4267 1811 4333 dilectissimum
1860 4269 1928 4332 in
1973 4269 2316 4334 honestum
2357 4270 2522 4335 illud
2567 4271 2771 4335 otium
2826 4280 2984 4335 tam-

398 4393 593 4458 quam
636 4372 704 4435 in
769 4369 1034 4457 aliquod
1092 4372 1347 4456 asylum
1406 4371 1745 4458 prosequi,
1805 4369 1982 4458 quod
2036 4379 2184 4458 post
2226 4380 2324 4434 tot
2365 4380 2677 4457 tantaque
2722 4374 2987 4457 negotia

398 4493 677 4558 operosa
719 4471 803 4535 ad
844 4470 1032 4553 boni,
1069 4473 1312 4557 pulcri,
1356 4474 1496 4536 veri
1536 4495 1652 4559 per
1690 4474 1970 4559 patriam
2006 4481 2296 4537 nostram
2324 4474 2795 4538 incrementum
2839 4472 2985 4536 reli-

399 4574 582 4657 giose
616 4594 694 4636 ac
730 4572 1028 4637 sollerter
1072 4581 1340 4658 peracta
1381 4575 1523 4659 ipse
1566 4573 1694 4637 sibi
1739 4572 1959 4659 elegit.

566 4671 703 4738 Scr.
749 4673 1085 4760 Gryphiac
1129 4673 1192 4737 d.
1235 4672 1475 4737 XVIII
1518 4696 1602 4737 m.
1648 4674 1815 4740 Dec.
1862 4696 1922 4738 a.
1965 4675 2534 4742 MDCOOLVHI.

1468 4897 1895 4906 -«——————.——-
