3576 5595
1552 358 1977 419 PRAEFATIO
2946 363 3026 425 39
3043 365 3060 422 1

863 547 991 604 ales
1035 547 1163 618 ayit
1203 549 1390 605 noctis
1407 593 1421 616 ,
1463 547 1680 606 dormit
1718 547 2013 606 hodierna
2051 550 2306 606 volucris
2322 570 2340 605 .-

861 647 1063 706 Dicuil
1093 647 1199 706 lios
1236 647 1389 719 fecit
1421 650 1614 708 titulos
1653 650 1897 723 aperire
1936 649 2178 710 libellos,

459 751 769 807 secuntur
814 743 861 806 f.
919 747 1367 808 111*--113*
1412 744 1691 807 Ausonii
1732 740 2297 831 technopaegnion
2345 746 2539 827 liber,
2607 753 2902 811 Ausonius
2934 769 3062 826 pa-

454 857 588 909 cato
625 882 709 895 -—-
750 859 889 909 nota
930 852 1260 911 caledoniis
1302 851 1551 910 nuribus
1587 851 1872 910 muliebre
1914 853 2123 923 decus,
2164 857 2228 911 et
2273 847 2615 912 duodecim
2662 870 2894 912 versus
2927 847 3058 912 Lu-

455 948 634 1010 cani:
681 947 727 1011 f.
785 951 1111 1012 114-115
1158 969 1418 1011 carmen
1466 947 1545 1012 (16
1587 947 2027 1033 ponderibus,
2081 955 2214 1012 item
2248 955 2550 1028 prisciani
2587 955 2739 1014 liber
2787 955 2864 1013 de
2892 971 3059 1029 pon—

455 1053 695 1112 deribus
737 1060 796 1112 et
834 1057 1127 1113 mensuris
1166 1072 1246 1114 ex
1290 1071 1469 1128 opere
1510 1055 1697 1126 rufini
1738 1057 1837 1114 uel
1869 1055 2139 1127 sauiani.
2196 1057 2272 1115 de
2305 1057 2677 1130 ponderibus
2715 1064 2776 1114 et
2815 1073 3020 1115 mensu

453 1156 558 1213 ris.
606 1154 885 1213 Pondera
916 1158 1150 1229 peoniis
1193 1190 1274 1198 -
1311 1159 1440 1215 sine
1483 1158 1689 1230 aquis:
1734 1150 1781 1213 f.
1835 1152 2239 1214 Htw—120*
2280 1160 2414 1216 itcrn
2459 1158 2609 1216 liber
2647 1159 2943 1232 prisciani
2977 1160 3063 1217 ad

453 1257 741 1314 simaeum
787 1256 863 1315 de
898 1260 1116 1329 fiyuris
1158 1274 1561 1317 numerorum.
1627 1259 1802 1316 Otnni
1840 1292 1925 1300 -
1970 1261 2365 1334 scxanqulum
2403 1266 2460 1318 et
2500 1261 2751 1318 similia:
2808 1256 2851 1319 f.
2903 1256 3059 1321 120*

452 1354 700 1416 -126*
748 1354 1067 1417 Prisciani
1120 1356 1776 1441 praeexercitamina,
1818 1360 2052 1419 Fabula
2091 1367 2178 1419 est
2215 1394 2298 1402 --
2339 1362 2657 1433 inqlorium
2696 1365 2812 1419 est.-
2852 1355 2899 1419 f.
2939 1357 3055 1418 127

456 1459 701 1519 -130*
748 1454 969 1518 Rufini
1017 1455 1097 1518 dc
1146 1457 1367 1519 metris
1399 1456 1816 1519 Terentianis
1869 1454 2074 1520 libelli
2120 1479 2271 1556 pars
2288 1508 2305 1540 ‚
2355 1479 2558 1521 versus
2587 1463 2774 1534 rufini
2800 1481 2862 1543 p.
2892 1459 3055 1519 2709

455 1596 537 1606 -—-
582 1563 847 1622 rhetores
904 1569 1116 1636 aptant
1172 1579 1234 1643 p.
1286 1561 1484 1621 2715:
1562 1557 1608 1620 f.
1662 1556 2095 1621 &mk—134*
2140 1560 2642 1621 commentarius
2684 1557 2765 1620 de
2811 1558 3056 1638 metris,

454 1661 748 1724 carmina
786 1658 1106 1745 quaedam
1153 1660 1432 1740 minora,
1482 1658 1565 1722 dc
1610 1657 1891 1742 pedibus
1931 1651 2409 1744 pentasyllabis
2425 1708 2442 1740 ,
2497 1658 2580 1721 de
2619 1657 3057 1724 declinatione

454 1760 1057 1825 commentariolus:
1128 1760 1172 1822 f.
1225 1761 1446 1822 135-
1482 1763 1593 1823 144
1643 1759 1964 1822 Prisciani
2021 1761 2413 1844 pericgcsiS‚
2479 1767 2690 1840 incipit
2731 1765 3059 1838 perieqcsis

448 1868 748 1942 prisciani
780 1868 1181 1938 arammatici.
1235 1866 1502 1924 Naturae
1537 1868 1772 1938 qenitor
1812 1898 1898 1906 -
1931 1868 2214 1939 praemia
2266 1867 2469 1925 donet:
2541 1861 2588 1924 f.
2646 1864 2795 1922 144*
2825 1897 2906 1906 —
2938 1864 3054 1923 154

454 1966 735 2027 Serenus
781 1963 861 2026 de
905 1962 1262 2044 medicina,
1310 1969 1568 2026 Disticon
1607 1969 2052 2041 aceneplatoris.
2140 1968 2552 2026 Multimodmn
2604 2002 2673 2010 -
2712 1969 2889 2041 pettit
2926 1982 3058 2024 me—

452 2072 655 2129 dicina
697 2070 977 2129 laborem.
1022 2072 1273 2144 explicit
1313 2071 1463 2128 liber
1501 2070 1875 2128 medicinalis
1917 2070 2111 2142 quinti
2144 2072 2346 2128 sereni
2379 2070 2678 2141 feliciter:
2738 2064 2784 2127 f.
2833 2067 2947 2124 155
2970 2101 3056 2111 ——

460 2171 577 2230 158
619 2166 887 2229 Catonis
935 2165 1247 2247 disticha,
1296 2173 1593 2247 incipiunt
1633 2171 1774 2230 libri
1812 2173 2040 2230 catonis
2076 2170 2429 2248 philosophi.
2477 2170 2620 2228 Cum
2657 2170 3056 2228 animaduer-

451 2280 633 2332 terem
684 2306 753 2314 —
805 2289 1011 2331 sensas
1051 2275 1412 2347 coninnqere
1452 2274 1636 2332 binos.
1676 2275 1926 2347 explicit
1952 2273 2102 2333 tiber
2130 2273 2279 2332 IIII
2312 2275 2559 2332 catonis.
2616 2273 2823 2346 incipit
2855 2286 3059 2329 versus

453 2376 528 2433 de
561 2377 875 2448 filomella,
919 2375 1065 2434 Sum
1109 2378 1296 2434 noctis
1336 2378 1499 2435 socia
1550 2409 1620 2417 —-
1667 2377 1821 2434 haec
1865 2375 2020 2434 bona
2058 2382 2244 2449 arata
2287 2379 2420 2434 tuis.
2493 2369 2776 2454 denique
2820 2368 2890 2431 in
2928 2367 3058 2430 fine

453 2471 699 2537 codicis
758 2472 886 2536 duo
932 2471 1171 2536 adiecti
1229 2481 1382 2536 sunt
1436 2473 1899 2558 quaterniones
1946 2494 2031 2534 ex
2075 2482 2307 2558 quarto
2352 2470 2629 2557 quodam
2677 2469 2903 2535 codice
2948 2469 3057 2533 de·

452 2576 689 2660 cerpti,
747 2574 857 2660 qui
913 2575 1196 2660 primum
1243 2574 1290 2636 f.
1345 2577 1567 2636 159-
1602 2578 1716 2635 170
1765 2574 2238 2658 expositionem
2284 2572 2644 2637 Clementis
2688 2572 2770 2636 dc
2820 2571 3055 2636 barba-

454 2677 654 2739 rismo
698 2685 762 2738 et
806 2675 1264 2762 metaplasmO,
1312 2675 1393 2737 de
1439 2695 1569 2759 qua
1614 2673 1860 2737 dictum
1908 2685 2004 2737 cst
2047 2675 2253 2758 praef.
2302 2674 2430 2738 vol.
2480 2674 2514 2737 1
2556 2696 2621 2759 p.
2662 2673 2857 2755 XXI,
2906 2696 3056 2736 con-

454 2778 695 2857 tinent,
741 2776 979 2840 dcinde
1013 2777 1057 2839 f.
1104 2781 1219 2840 170
1254 2785 1319 2839 et
1356 2775 1510 2841 170*
1550 2776 1629 2838 dc
1679 2778 1914 2840 ceteris
1960 2776 2137 2840 vitiis
2182 2776 2717 2841 commentarium
2761 2796 2845 2839 ex
2889 2773 3057 2838 libro

454 2880 746 2964 Pompeii
787 2887 1198 2961 excerptum,
1246 2887 1379 2940 tum
1418 2877 1463 2940 f.
1499 2880 1829 2939 171—172
1869 2879 2400 2941 commentarium
2451 2877 2531 2940 de
2574 2875 3058 2963 orthographia,

451 2987 747 3059 incipiant
790 3000 995 3058 pauca
1045 3000 1126 3040 ea:
1178 2985 1374 3041 multis
1416 2980 1944 3056 qrammaticoinm
1987 2983 2054 3041 id
2102 2990 2191 3042 est
2232 2986 2504 3042 terrentii
2546 2985 2848 3057 prisciani
2882 2985 3064 3056 capri

450 3087 783 3146 cassiodori
831 3091 889 3143 et
943 3086 1198 3143 aliorum
1254 3084 1424 3143 libris
1475 3092 1762 3158 exem-pta
1813 3084 1888 3142 de
1927 3088 2254 3157 orloqrafia
2295 3095 2352 3143 ct
2390 3084 2736 3158 differentia
2779 3086 3057 3143 similium

451 3190 736 3247 orationis
782 3188 1068 3261 partium.
1144 3185 1484 3258 Ortoyrafia
1531 3219 1599 3227 —-
1646 3187 1786 3244 aule
1828 3188 2061 3244 nomine
2103 3188 2213 3245 sed
2265 3189 2484 3245 atrium
2497 3207 2520 3254 ,·
2585 3190 2732 3268 post
2775 3201 2941 3265 quae
2987 3180 3056 3242 in

454 3264 763 3348 extremis
833 3282 1089 3346 schedis
1149 3280 1279 3344 alia
1334 3282 1655 3367 quaedam
1728 3282 1896 3346 varii
1953 3284 2322 3367 argumenti
2385 3284 2629 3367 scripta
2697 3291 2869 3346 sunt.
2973 3303 3060 3344 ex

454 3387 555 3450 his
599 3385 871 3470 adparet
914 3383 998 3447 ad
1041 3383 1187 3447 illas
1234 3382 1457 3446 decem
1505 3405 1832 3470 conpages
1848 3433 1866 3466 ,
1929 3386 1998 3449 in
2053 3383 2290 3471 quibus
2334 3406 2479 3462 cum
2526 3383 2658 3446 alia
2703 3393 2838 3447 tum
2885 3382 3057 3444 Pris-

454 3489 626 3552 ciani
654 3486 816 3569 ¹libri
861 3486 1085 3571 scripti
1131 3494 1315 3566 sunt,
1360 3494 1425 3548 ct
1467 3486 1534 3549 in
1580 3484 1767 3548 initio
1815 3496 1879 3548 et
1922 3486 1989 3548 in
2036 3485 2163 3549 fine
2201 3487 2664 3571 quaterniones
2712 3484 3055 3568 conplures

453 3588 538 3652 ab
585 3612 661 3652 eo
702 3588 960 3669 codice,
1015 3586 1099 3650 ad
1147 3608 1338 3674 quem
1383 3585 1536 3650 illac
1578 3586 2024 3673 pertinebant,
2086 3584 2335 3650 alienos
2377 3586 2638 3651 additos
2683 3607 2848 3649 csse.
2937 3584 3054 3649 sed

451 3700 525 3754 ut
569 3692 698 3753 iam
745 3688 830 3752 ad
876 3710 1016 3753 eam
1060 3698 1311 3775 partem
1358 3687 1633 3769 codiciS,
1679 3710 1848 3774 quae
1888 3688 2151 3774 propria
2194 3698 2296 3752 est
2334 3689 2528 3752 huius
2569 3684 3055 3774 disputationiS,

452 3792 749 3873 redeam,
797 3791 862 3853 in
906 3789 1644 3875 praeexercitaminibus
1691 3789 1864 3852 hunc
1910 3790 2236 3873 codicem,
2292 3811 2484 3876 quem
2524 3788 3056 3853 Lindemannum

453 3894 713 3957 secutus
761 3890 806 3954 S
853 3891 1026 3972 (lixi,
1070 3900 1370 3976 quartum
1414 3901 1647 3955 testem
1691 3889 2030 3977 adsumpsi
2076 3891 2161 3955 ad
2204 3891 2461 3955 codices
2514 3889 2727 3971 PRV3
2769 3891 2836 3952 in
2883 3888 3052 3952 libro

454 3997 534 4060 de
579 3994 812 4079 figuris
852 4015 1301 4079 numerorum,
1361 4015 1550 4079 quem
1589 3994 1802 4079 ipsum
1848 4013 2103 4078 quoque
2140 3990 2467 4055 conlatum
2508 3992 2865 4074 habebam,
2922 4013 3054 4055 non

452 4120 617 4183 opus
649 4118 794 4160 esse
843 4096 1058 4158 visum
1105 4105 1204 4158 cst
1245 4095 1567 4179 integram
1613 4096 1974 4179 scripturae
2006 4093 2512 4178 discrepantiam
2545 4092 2891 4175 exhibere,
2938 4092 3055 4156 sed

453 4221 696 4287 pauca,
743 4219 911 4284 quae
956 4219 1086 4261 non
1131 4196 1406 4281 indigna
1448 4218 1591 4259 csse
1638 4197 1951 4259 memoria
1997 4195 2419 4278 videbantur,
2475 4195 2810 4260 adnotavi.
2902 4215 3052 4257 nam

452 4310 517 4365 et
554 4299 1009 4384 neglegentius
1054 4299 1337 4382 scriptus
1380 4307 1480 4361 est
1523 4319 1717 4382 quam
1764 4297 2001 4383 reliqui
2044 4296 2232 4378 libri,
2274 4296 2512 4383 quibus
2558 4319 2718 4360 usus
2768 4319 2944 4379 sum,
2990 4306 3057 4360 et

453 4401 805 4489 quaedam,
851 4400 978 4464 nisi
1026 4398 1254 4477 fallor,
1301 4407 1544 4462 temere
1589 4420 1628 4461 a
1674 4396 1944 4462 librario
1987 4407 2228 4462 novata
2272 4407 2444 4461 sunt.

625 4502 754 4566 Sed
802 4501 1092 4565 maxima
1135 4499 1263 4562 fuit
1311 4500 1736 4585 plurimorum
1778 4498 2192 4563 librariorum
2220 4498 2639 4584 neglegentia
2674 4500 2853 4563 iniis
2888 4521 3055 4585 quae

454 4606 521 4667 in
576 4603 764 4667 libris
822 4603 903 4667 de
960 4601 1190 4685 figuris
1240 4622 1650 4666 numerorum
1703 4610 1769 4665 et
1813 4600 1893 4664 de
1937 4602 2164 4665 metris
2209 4600 2498 4668 Terentii
2546 4601 2925 4665 Priscianus
2972 4624 3058 4664 ex

453 4704 727 4768 Graecis
760 4703 1192 4789 scriptoribus
1227 4702 1611 4788 adscripsit,
1648 4711 1722 4764 ut
1761 4700 2061 4765 solebant
2099 4702 2237 4765 fere
2259 4700 2481 4766 Latini
2513 4702 2799 4784 librarii,
2837 4724 3059 4790 quam·

454 4806 558 4871 vis
600 4807 952 4890 diligentes
998 4805 1314 4887 homines,
1352 4804 1614 4871 Graeca
1640 4803 1984 4889 vocabula,
2030 4825 2198 4889 quae
2240 4826 2368 4869 non
2417 4797 3064 4892 intellegebant,‘aut
