3576 5595
1501 388 1921 450 PRAEFATIO
2889 388 3011 454 393

580 568 889 634 Veterum
933 569 1292 635 editionum
1335 593 1464 637 non
1500 572 1709 635 maior
1751 573 1817 634 in
1867 571 1970 636 his
2014 572 2201 636 libris
2244 575 2601 638 auctoritas
2643 583 2774 655 est,
2820 596 3012 661 quam

412 673 478 735 in
515 671 1039 736 institutionibus
1075 695 1220 737 esse
1252 673 1474 738 docuit
1492 673 1823 736 Hertzius.
1889 696 2037 737 nam
2075 677 2140 739 in
2185 676 2563 761 principe
2609 675 3010 759 editione,

412 795 542 860 qua
586 794 643 836 a.
694 778 854 837 1470
899 796 1031 837 una
1071 773 1531 861 cum-reliquis
1571 774 1892 838 Prisciani
1938 775 2123 841 libris
2166 777 2233 841 hi
2280 799 2535 864 quoque
2582 799 2622 841 a
2657 776 3010 842 Vindelino

410 875 738 961 Spirensi,
808 886 883 940 ut
933 875 1251 958 creditur,
1322 876 1615 940 Venetiis
1667 875 1827 940 editi
1873 886 2054 960 sunt,
2116 888 2186 943 ut
2224 878 2429 942 multa
2473 878 2663 942 aliter
2702 889 2897 966 atque
2943 885 3012 943 in

408 976 745 1042 veteribus
789 976 1127 1041 codicibus
1174 977 1596 1061 exhibentur,
1656 979 1749 1041 ita
1793 978 1957 1041 nihil
2007 989 2135 1061 est,
2204 980 2374 1066 quod
2424 1003 2552 1044 non
2599 981 2681 1044 ab
2728 983 3009 1067 interpo-

405 1077 648 1142 latione
693 1077 1005 1142 Italorum
1062 1080 1278 1165 potius
1330 1088 1522 1165 q'uam
1566 1101 1606 1142 a
1648 1079 1776 1142 fide
1823 1080 2109 1144 melioris
2154 1082 2401 1146 codicis
2451 1082 2812 1168 profectum
2860 1105 3007 1147 esse

405 1179 585 1242 credi
625 1180 853 1265 possit.
944 1201 1084 1242 eam
1131 1190 1346 1243 autem
1394 1182 1599 1244 secuti
1646 1190 1799 1245 sunt
1840 1183 2229 1269 quicumque
2267 1185 2582 1270 proximis
2621 1186 2810 1248 annis
2836 1185 3009 1247 Pris-

406 1281 664 1343 cianum
715 1280 1079 1344 ediderunt.
1171 1304 1256 1345 ex
1309 1281 1545 1368 quibus
1600 1282 1999 1347 editionibus
2061 1294 2322 1370 praeter
2377 1286 2584 1370 ipsam
2644 1285 3006 1373 principem

405 1382 892 1467 usurpavi'has‚
920 1381 1001 1446 de
1032 1382 1268 1468 quibus
1289 1384 1656 1447 accuratius
1689 1384 1858 1448 dixit
1881 1385 2210 1467 Hermiae,
2250 1384 2642 1450 Venetam
2681 1408 2737 1450 a.
2778 1392 2970 1451 1472
2990 1438 3006 1470 ‚

406 1483 793 1547 Venetam
841 1506 901 1547 a.
955 1487 1182 1566 1492,
1226 1485 1926 1549 Mediolanensem
1968 1507 2027 1550 a.
2083 1491 2309 1570 1511,
2355 1487 2818 1552 Parisinam
2856 1489 3006 1553 Ba-

405 1584 525 1649 dii
569 1585 960 1649 Ascensii
1007 1608 1066 1648 a.
1120 1591 1343 1669 1516,
1392 1586 1769 1650 Aldinam
1819 1610 1878 1652 a.
1932 1591 2144 1652 1527.
2224 1588 2514 1654 Venetae
2562 1590 2729 1654 duae
2775 1599 2840 1655 et
2871 1591 3005 1654 Me-

405 1687 833 1764 diolanensis,
903 1709 1069 1773 quae
1124 1686 1550 1752 nullamanu
1606 1691 1995 1776 scriptorum
2043 1689 2359 1755 librorum
2409 1713 2531 1777 ope
2575 1692 2790 1756 factae
2832 1704 3004 1772 sunt,

403 1790 627 1872 paucis
659 1789 819 1853 locis
860 1811 899 1852 a
938 1790 1230 1875 principe
1268 1790 1556 1855 editione
1586 1792 1932 1872 recedunt,
1977 1791 2091 1856 sed
2125 1790 2748 1878 Graecavocabula
2786 1794 2851 1857 in
2890 1793 3006 1857 illa

403 1899 780 1954 constanter
824 1894 1063 1955 omissa
1105 1891 1431 1955 interdum
1472 1891 1538 1955 hi
1578 1893 1865 1957 editores
1911 1893 2317 1976 adiecerunt,
2387 1896 2443 1957 si
2500 1894 2691 1959 modo
2752 1897 3003 1960 coniec-

403 1999 579 2072 tura,
621 1991 689 2055 id
735 1993 904 2079 quod
946 2013 1094 2056 raro
1137 1993 1413 2074 accidit,
1462 1990 1837 2080 recuperari
1880 2016 2069 2080 posse
2115 1994 2543 2077 videbantur3
2601 1997 3004 2083 eandemque

315 2138 319 2142 .
402 2094 716 2158 rationem
766 2095 831 2157 in
876 2096 1048 2158 notis
1094 2117 1528 2177 numerorum,
1576 2119 1610 2159 e
1655 2096 1896 2182 quibus
1939 2118 2185 2182 paucas
2229 2098 2531 2184 princeps
2578 2096 2778 2162 editio
2816 2121 3000 2184 prae·

403 2195 599 2277 stitit,
651 2204 1021 2260 tenuerunt.
1112 2218 1238 2283 quo
1284 2198 1527 2261 factum
1573 2208 1703 2279 est,
1742 2207 1817 2261 ut
1858 2198 1923 2261 in
1969 2199 2070 2262 his
2108 2199 2519 2285 potissimum
2553 2219 2792 2283 magna
2828 2210 3002 2264 esset

401 2297 873 2382 exemplarium
918 2299 1071 2363 olim
1115 2299 1557 2385 inpressorum
1601 2308 1665 2363 et
1710 2300 1881 2363 inter
1928 2323 1998 2364 se
2042 2309 2107 2365 et
2151 2321 2191 2363 a
2235 2322 2432 2363 manu
2489 2302 2748 2387 scriptis
2811 2301 2999 2366 libris

402 2399 749 2464 dissensio.
841 2398 955 2463 sed
1001 2422 1086 2464 ex
1130 2421 1328 2464 manu
1366 2401 1627 2487 scriptis
1670 2399 1861 2466 libris
1908 2402 2233 2467 defectum
2277 2403 2679 2466 Graecorum
2721 2402 2999 2468 vocabu-

400 2501 608 2564 lorum
651 2502 929 2588 primum
976 2502 1343 2589 suppletum
1386 2502 1609 2566 inveni
1656 2503 1726 2566 in
1770 2503 2181 2568 Ascensiana
2224 2504 2529 2568 editione.
2607 2526 3000 2592 quamquam

400 2625 484 2666 ne
526 2604 592 2665 in
635 2603 757 2667 hac
797 2604 1060 2689 quidem
1104 2606 1195 2667 ita
1239 2602 1444 2666 multa
1488 2613 1736 2667 mutata
1779 2615 1951 2669 sunt.
2041 2629 2192 2670 nam
2236 2629 2446 2692 neque
2489 2605 2793 2670 omnibus
2840 2606 3000 2671 locis

400 2703 659 2768 Graeca
699 2704 1020 2770 voeabula
1076 2709 1379 2769 restituta
1435 2728 1643 2791 neque
1695 2727 1773 2769 ea
1828 2729 1994 2793 quae
2050 2708 2155 2771 vel
2204 2709 2270 2771 in
2316 2707 2414 2770 his
2462 2707 2564 2771 vel
2613 2708 2679 2770 in
2726 2708 2998 2794 reliquis

400 2807 562 2870 locis
603 2808 892 2892 priorum
936 2807 1257 2871 editorum
1297 2808 1511 2872 studio
1545 2807 1936 2894 interpolata
1967 2819 2152 2872 erant
2186 2818 2434 2873 remota
2466 2819 2637 2873 sunt.
2693 2809 2998 2874 Ascensii

401 2908 753 2970 editionem
811 2907 1190 2995 plerumque
1250 2911 1543 2995 sequitur
1594 2909 1872 2992 Aldina3
1941 2932 2070 2973 non
2111 2908 2291 2973 nulla
2335 2920 2555 2975 tamen
2602 2913 2997 2992 coniectura,

397 3031 529 3073 non
569 3010 956 3072 auctoritate
1005 3010 1337 3091 codicum,
1404 3004 1514 3096 qu'i
1560 3012 1625 3074 in
1680 3011 1782 3074 his
1838 3011 2026 3075 libris
2080 3012 2314 3076 editori
2370 3022 2630 3099 praesto
2684 3034 2816 3075 non
2863 3012 2999 3076 fuc-

394 3119 575 3192 runt,
620 3118 869 3173 mutata
913 3119 1083 3173 sunt.
1174 3111 1287 3173 sed
1343 3134 1489 3173 cum
1546 3113 1611 3175 in
1663 3111 1763 3174 his
1812 3114 2284 3199 antiquissimis
2335 3113 2821 3200 exemplaribus
2867 3135 2995 3176 non

396 3212 560 3276 fides
606 3212 966 3298 scripturae
1009 3211 1389 3298 quaerenda
1436 3223 1639 3294 esset,
1692 3235 1861 3299 quae
1906 3215 2086 3278 nulla
2130 3224 2227 3279 est
2242 3264 2259 3296 ‚
2306 3216 2417 3279 sed
2467 3237 2545 3278 ea
2590 3223 2839 3278 tantum
2884 3214 2996 3277 ad-

398 3314 779 3395 scriberem,
823 3334 990 3400 quae
1028 3312 1135 3376 vel
1180 3323 1354 3377 recte
1401 3315 1744 3378 emendata
1792 3325 1978 3379 erant
2020 3316 2126 3381 vel
2173 3339 2360 3404 quem
2408 3316 2489 3380 ad
2543 3317 2802 3381 modum
2843 3316 2995 3381 olim

397 3416 586 3481 edita·
617 3424 839 3479 essent
876 3437 1268 3501 cognoscere
1300 3437 1429 3478 non
1468 3416 1698 3479 inutile
1728 3416 2107 3499 videbatur,
2149 3440 2424 3505 cumque
2457 3417 2616 3482 nibil
2651 3421 2999 3485 interesset

395 3542 435 3582 a
481 3540 608 3604 quo
653 3539 948 3603 quaeque
991 3517 1286 3603 profecta
1327 3527 1581 3599 essent,
1624 3519 1997 3582 institutum
2048 3542 2259 3584 meum
2304 3522 2515 3596 tenui,
2559 3530 2634 3584 ut
2669 3522 2995 3585 communi

396 3622 584 3707 signo
630 3645 665 3694 ς
706 3641 961 3682 omnem
1003 3619 1182 3682 illam
1236 3620 1743 3704 discrepantiam
1786 3620 2253 3708 conplectcrer.
2343 3633 2491 3709 post
2541 3621 2661 3685 hos
2713 3622 2995 3688 editores

395 3723 475 3787 de
519 3742 649 3784 uno
695 3719 893 3802 libro,
959 3721 1071 3806 qui
1121 3730 1220 3784 est
1268 3721 1349 3785 de
1403 3720 1632 3805 figuris
1686 3743 2134 3805 numerorum,
2204 3726 2444 3810 optimo
2484 3724 2721 3787 meruit
2764 3723 2995 3788 Elias

352 3853 357 3861 ·
399 3824 776 3903 Vinctus,
826 3823 940 3908 qui
985 3822 1157 3886 hunc
1201 3822 1491 3886 libellum
1530 3828 1667 3885 'una
1708 3846 1854 3887 cum
1901 3824 2204 3890 Rhemnii
2252 3826 2518 3908 Fannii,
2573 3848 2764 3912 quem
2814 3825 2994 3908 dicit,

395 3927 682 3989 carmine
747 3934 811 3988 et
871 3945 1016 3987 cum
1064 3923 1285 3990 Bedae
1341 3934 1643 4010 computo
1695 3936 1760 3987 ct
1818 3947 1962 3988 cum
2008 3926 2257 3991 Volusii
2303 3928 2631 3993 Maeciani
2688 3919 2994 3992 distribu-

392 4029 570 4092 tione
623 4027 904 4113 partium
966 4026 1175 4089 edidit
1235 4037 1298 4091 ct
1350 4035 1821 4091 commentatus
1866 4038 1966 4090 est
2011 4028 2287 4093 Parisiis
2336 4051 2394 4092 a.
2451 4034 2629 4093 1565.
2722 4030 2776 4093 is
2822 4030 2992 4093 enim

395 4130 638 4215 optimo
677 4129 936 4210 codice,
984 4131 1096 4216 qui
1143 4151 1316 4193 nunc
1362 4137 1460 4193 est
1503 4128 1854 4192 Leidensis
1898 4128 2264 4194 Vossianus
2311 4134 2407 4195 12.
2439 4132 2500 4213 8,
2547 4130 2631 4194 ad
2671 4132 2995 4196 Prisciani

391 4229 632 4294 librum
689 4231 1168 4295 emendandum
1226 4231 1520 4295 adhibito
1575 4252 1704 4295 non
1766 4229 1974 4294 solum
2034 4233 2279 4318 primus
2335 4235 2622 4298 omnium
2692 4255 2769 4297 ea
2824 4255 2993 4321 quae

394 4332 646 4396 Graece
692 4333 937 4419 scripta
979 4342 1133 4396 sunt
1174 4334 1486 4414 restituit,
1531 4332 1646 4396 sed
1691 4333 1887 4396 etiam
1935 4355 2190 4397 omnem
2235 4336 2469 4399 librum
2514 4336 2597 4400 ab
2645 4334 2992 4422 interpola-

392 4435 567 4497 tione
612 4437 1019 4522 superiorum
1065 4434 1385 4499 editorum
1431 4436 1758 4521 purgavit.
1850 4457 2001 4497 nam
2057 4435 2166 4499 ille
2218 4438 2359 4524 ipse
2403 4438 2570 4503 liber
2615 4459 2805 4524 quem
2853 4436 2991 4501 dixi

394 4542 494 4597 cst
537 4535 631 4618 is,
685 4558 878 4622 quem
922 4537 1050 4601 sibi
1105 4537 1581 4600 commodatum
1625 4558 1770 4600 esse
1818 4558 1857 4598 a
1904 4535 2150 4601 Ioanne
2195 4537 2397 4621 Tilio‚
2457 4539 2797 4604 Briocensi
2861 4541 2991 4625 epi·

392 4658 618 4723 scop0‚
667 4638 916 4702 scribit.
1007 4638 1232 4701 Vineti
1278 4638 1628 4704 editionem
1676 4639 2002 4725 expressit
2046 4639 2514 4723 PutschiuS,
2574 4663 2762 4729 quem
2811 4649 2876 4706 et
2923 4641 2990 4705 in

391 4736 660 4825 reliquis
708 4739 963 4804 duobus
1007 4739 1195 4829 libris
1242 4750 1307 4803 et
1347 4740 1417 4803 in
1460 4740 1575 4819 iis,
1639 4739 1719 4803 de
1767 4739 2008 4826 quibus
2052 4750 2282 4827 postea
2319 4742 2667 4807 dicendum
2719 4753 2852 4825 cst,
2907 4742 2993 4808 ad

388 4838 705 4904 Aldinum
748 4842 1120 4928 exemplum
1160 4863 1231 4906 se
1274 4840 1804 4907 accommodasse
1857 4843 2121 4929 inveni,
2182 4844 2311 4909 nisi
2366 4843 2540 4930 quod
2588 4846 2656 4910 in
2700 4845 2867 4911 libro
2913 4845 2995 4911 de
