3576 5595
1318 456 1542 518 LIBER
1588 458 1761 519 xvul
1808 467 2050 521 84—-87
2846 458 2969 521 245

480 586 524 627 p.
556 574 668 619 1¹⁴3.
696 575 745 615 44
775 573 823 613 P.
2629 588 2670 628 p.
2702 575 2776 616 142
2809 575 2864 616 κ.

682 644 751 704 Si
795 643 1011 705 illum
1049 644 1435 722 relinquo,
1493 644 1655 705 eius
1702 644 1893 705 vitae
1941 642 2199 719 timeo;
2260 645 2375 705 sin
2417 645 2788 724 opitulor,
2834 648 2968 709 hu-

2306 747 2421 807 ius
2465 746 2736 822 minas;

294 894 297 897 η
378 857 693 934 utrumque
739 848 895 909 enim
935 847 1046 909 sibi
1093 855 1317 908 certum
1364 866 1496 908 esse
1541 847 1816 908 ostendit.
1909 846 2061 907 idem
2103 847 2162 906 in
2213 847 2598 937 {idelphisz

680 950 828 1027 Ego
874 951 944 1010 in
995 951 1123 1010 hac
1161 969 1234 1011 re
1278 949 1464 1010 nihil
1519 948 1854 1029 reperio,
1910 966 2120 1027 quam
2168 949 2256 1010 ob
2298 967 2449 1010 rem
2493 949 2757 1011 lauder
2804 960 2965 1013 tan-

326 1077 350 1115 5
2301 1060 2597 1132 topere,
2644 1051 2899 1131 Hegio.

680 1154 904 1215 Meum
945 1148 975 1236 H
1018 1152 1358 1213 officium
1401 1151 1659 1212 saciot·
1692 1152 1882 1230 quod
1937 1160 2332 1232 peccatum
2374 1172 2406 1212 a
2452 1152 2672 1214 nobis
2718 1164 2959 1216 ortum

2304 1261 2451 1327 est,
2500 1256 2830 1335 corrigo,

680 1358 838 1419 Nisi
885 1358 946 1419 si
991 1377 1098 1418 me
1143 1376 1219 1417 ex
1277 1354 1411 1416 illo
1470 1354 1882 1416 credidisti
1930 1375 2103 1417 esse
2140 1358 2504 1431 †numero
2551 1358 2959 1432 hominum,

2298 1458 2424 1536 qui
2465 1458 2569 1518 ita
2614 1468 2914 1538 putant,

302 1580 351 1623 10
684 1561 839 1623 Sibi
887 1560 1061 1622 sieri
1095 1560 1450 1622 iniuriam
1481 1560 1710 1632 ultro,
1750 1558 2071 1637 siquam
2120 1560 2369 1620 secere
2414 1559 2562 1639 ipsi
2600 1568 2959 1640 expostu-

2302 1661 2478 1722 lenh

374 1785 511 1827 ecce
556 1766 654 1827 hic
692 1763 840 1826 nisi
885 1762 1294 1824 credidisti
1339 1762 1481 1822 dixit
1520 1782 1626 1843 pro
1663 1762 1928 1822 ‘credis’.
2020 1762 2287 1823 similiter
2328 1761 2649 1823 indicativis
2688 1771 2950 1839 utuntur,
2988 1777 3056 1827 86

373 1869 607 1947 quando
650 1869 709 1928 in
752 1866 897 1946 ipsis
944 1883 1077 1925 esse
1105 1864 1193 1924 vel
1239 1864 1422 1925 fuisse
1455 1864 1633 1924 rebus
1682 1862 1900 1941 aliquid
1943 1863 2146 1925 volunt
2187 1864 2530 1937 ostendere,
2577 1873 2642 1925 ut
2688 1853 2955 1926 Cicero

372 1971 444 2031 dc
481 1977 831 2049 praetura
881 1967 1196 2027 urbana:
1277 1966 1399 2044 qui
1464 1966 1523 2025 si
1570 1964 2155 2039 condemnatur,
2211 1965 2577 2026 desinent
2617 1966 2955 2028 homines

298 2090 344 2130 15
373 2072 655 2144 dicere,
714 2070 831 2130 his
886 2067 1189 2128 iudiciis
1250 2067 1649 2147 pecuniam
1701 2066 2102 2145 plurimum
2147 2086 2405 2145 posse;
2464 2068 2577 2128 sin
2621 2068 2955 2129 absolvi-

372 2182 518 2246 tur,
565 2172 1005 2233 desinemus
1051 2188 1182 2229 nos
1229 2168 1314 2229 de
1358 2167 1673 2229 iudiciis
1719 2168 2291 2229 transferendis
2334 2168 2702 2230 dubitare.
2795 2169 2953 2229 Vir-

370 2275 601 2352 gilius
644 2274 703 2334 in
750 2273 864 2334 vl:

674 2375 745 2435 Si
786 2372 1033 2453 potuit
1076 2390 1326 2432 manes
1370 2389 1770 2431 arcessere
1817 2371 2170 2448 coniugis
2218 2370 2603 2452 Orpheus»,

674 2477 749 2536 Si
794 2476 1102 2534 fratrem
1155 2470 1415 2533 Pollux
1461 2472 1754 2532 alterna
1797 2480 2038 2533 morte
2083 2472 2439 2546 redemit,

289 2598 341 2638 πο
671 2579 889 2654 Itque
931 2572 1283 2652 reditque
1318 2574 1494 2634 viam
1536 2573 1866 2645 totienS,

366 2682 437 2741 de
484 2679 695 2751 rebuS‚
742 2696 889 2756 quas
935 2677 1062 2738 sine
1108 2674 1284 2736 dubio
1328 2666 1511 2736 lactas
1556 2694 1688 2735 esse
1732 2673 1853 2734 vult
1898 2674 2242 2749 ostendere,
2302 2676 2627 2738 indicativis
2673 2686 2763 2739 est
2806 2697 2951 2739 usus

365 2803 498 2844 cum
529 2801 707 2861 supra
752 2780 904 2841 dicta
936 2779 1037 2841 ‘si'
1070 2777 1499 2839 coniunctione.
1591 2776 1825 2854 quando
1856 2795 1989 2837 vero
2020 2776 2193 2838 dubia
2227 2797 2322 2838 res
2350 2779 2706 2854 ostenditur,
2753 2787 2946 2841 utrum
2981 2784 3048 2834 87
3113 2817 3179 2841 --

365 2885 488 2945 lieri
533 2885 721 2963 possit
762 2901 981 2955 necne,
1042 2881 1130 2940 vel
1174 2899 1282 2959 per
1323 2878 1756 2953 inductionem,
1818 2879 1876 2939 id
1921 2887 2010 2939 est
2048 2869 2201 2939 καθ’
2251 2870 2580 2956 ὑπόθεσιν,
2625 2881 2949 2944 subiuncti-

364 2987 450 3046 vis
496 2986 682 3063 magis
734 2990 996 3044 utuntur.
1086 2980 1447 3058 Virgilius
1490 2980 1548 3040 in
1595 2976 1842 3041 v1111:'

290 3105 339 3144 ²5
671 3085 818 3145 Sed
855 3085 921 3145 si
960 3084 1158 3162 quiS‚
1196 3101 1382 3160 quae
1423 3082 1652 3142 multa
1695 3081 1909 3142 vides
1949 3082 2402 3144 discrimine
2448 3085 2614 3157 tali,

509 3280 532 3330 l
583 3281 662 3331 sin
710 3278 906 3344 opitulo
945 3278 990 3327 R
1038 3280 1079 3326 si
1120 3292 1220 3326 uon
1260 3278 1453 3340 opitulo
1496 3278 1541 3326 P
1712 3275 1744 3326 3
1794 3278 2013 3326 ostendit
2060 3277 2159 3326 sibi
2205 3287 2395 3328 certum
2441 3295 2554 3328 esse
2602 3280 2652 3328 P
2823 3279 2944 3330 Ter.

360 3351 560 3414 adelph.
598 3350 687 3399 1111
728 3350 777 3409 3,
823 3349 844 3398 l
882 3365 991 3413 sqq.
1159 3349 1192 3397 4
1231 3346 1359 3395 nihil
1400 3350 1547 3396 etitem
1586 3345 1758 3397 Bemb.
1801 3347 1931 3396 Bas.
1973 3347 2126 3396 nichil
2160 3346 2224 3404 N,
2263 3349 2356 3412 leq.
2395 3348 2464 3396 nil
2626 3351 2861 3413 repperio
2901 3352 2948 3398 D

360 3421 491 3475 Bas.
659 3419 867 3468 laudare
905 3418 955 3465 P
1119 3424 1384 3481 tontopere
1418 3416 1478 3464 M
1642 3417 1675 3466 5
1713 3418 1830 3480 egio
1866 3416 1912 3464 N
2062 3415 2096 3465 6
2132 3432 2328 3466 mecum
2368 3418 2593 3466 officinm
2629 3418 2679 3466 D
2835 3419 2946 3468 osli-

359 3488 517 3555 cium]
563 3493 582 3540 l
617 3488 783 3537 officio
821 3490 867 3537 L
1038 3495 1268 3551 pecatum
1309 3487 1355 3535 L
1528 3487 1562 3537 8
1597 3485 1661 3550 si]
1702 3486 1826 3539 add.
1866 3485 1950 3533 Lr
1984 3501 2077 3537 om.
2110 3486 2156 3536 R
2192 3489 2302 3536 rell.
2343 3504 2447 3536 cum
2479 3487 2622 3537 libris
2665 3487 2782 3539 Ter.
2824 3489 2946 3539 deu.

500 3575 579 3612 me
619 3561 666 3606 in
712 3559 797 3607 illo
835 3556 1096 3606 credidisti
1137 3572 1249 3605 esse
1288 3555 1551 3604 hominum
1591 3570 1800 3604 numero
1834 3555 2007 3606 Bemb-
2045 3555 2173 3606 Bae.
2333 3559 2366 3606 9
2404 3555 2506 3622 ita]
2544 3556 2667 3611 add.
2703 3574 2734 3606 r
2767 3572 2860 3611 om.
2894 3559 2941 3608 R

358 3631 474 3679 rell.
624 3629 690 3679 10
726 3628 964 3676 iniuriam
1002 3625 1132 3673 ultro
1163 3627 1272 3674 fieri
1310 3627 1358 3675 N
1499 3623 1756 3690 iniuriam]
1797 3643 1828 3674 r·
1865 3626 2045 3674 inriam
2083 3627 2129 3676 R
2167 3623 2355 3675 iniuria
2395 3627 2456 3674 M
2595 3626 2727 3674 ultro
2761 3629 2812 3675 in
2848 3637 2942 3693 ηις.

358 3700 479 3750 add.
512 3701 531 3746 1
669 3695 854 3761 secere]
894 3712 923 3743 r
960 3695 1130 3744 facere
1169 3694 1424 3745 RMONL
1575 3693 1924 3759 expostulent]
1959 3696 1996 3743 d
2030 3696 2354 3759 expostulant
2395 3697 2586 3746 DBae.
2627 3697 2774 3749 codd.
2823 3698 2941 3749 Ter.

360 3768 653 3818 Bentleiani
688 3765 984 3831 expostules
1016 3764 1190 3815 Bemb.
1341 3766 1399 3814 12
1432 3763 1538 3830 hic]
1579 3767 1711 3813 enim
1749 3764 1802 3812 N
1940 3765 2234 3813 indicatiuis
2271 3781 2340 3814 ea:
2376 3765 2683 3814 indicatiuus
2721 3782 2861 3820 corr.
2896 3767 2945 3816 L

500 3836 560 3887 13
598 3837 700 3886 Cic.
737 3840 786 3886 in
834 3837 990 3885 Verr.
1028 3850 1105 3883 or.
1150 3836 1189 3884 ll
1230 3847 1276 3893 1,
1316 3836 1367 3896 2,
1406 3833 1440 3883 6
1606 3835 1669 3883 14
1707 3834 1771 3883 de
1807 3842 2042 3899 praetura
2077 3835 2270 3883 urbana
2304 3850 2396 3888 om.
2437 3836 2487 3884 P
2655 3836 2945 3898 coudcpna-

355 3917 435 3957 tur
472 3909 521 3956 N
693 3907 757 3954 ab
800 3907 1030 3955 homiues
1065 3907 1160 3954 inc.
1208 3906 1271 3961 V,
1322 3904 1462 3952 cuius
1493 3905 1658 3966 prima
1694 3904 1794 3952 duo
1824 3906 1918 3966 sol.
1953 3905 2127 3952 lacera
2165 3913 2213 3953 et
2244 3908 2433 3966 passim
2466 3907 2662 3954 adr-asa
2700 3910 2948 3957 continent

352 3977 479 4026 haec
507 3977 761 4038 frustula:
800 3976 896 4038 fol.
946 3975 997 4024 1¹·
1042 3974 1106 4022 ab
1155 3974 1387 4026 homines
1432 3982 1488 4022 ut
1533 3976 1710 4024 dictum
1762 3981 1841 4022 est
1874 3999 1943 4009 —
1990 3973 2250 4022 additione
2297 3975 2424 4023 forte
2465 3977 2547 4036 (p.
2588 3977 2691 4026 246
2737 3978 2821 4024 lin.
2861 3978 2942 4034 7).

346 4048 444 4109 fol.
494 4046 543 4094 1⁹
582 4046 645 4093 ab
683 4041 1036 4109 [affirmati]ve
1086 4044 1215 4092 dixit
1259 4043 1399 4100 (ibid.
1430 4044 1514 4091 lin.
1560 4044 1655 4100 15)
1694 4069 1757 4078 -—
1796 4042 1990 4091 Statius
2035 4045 2083 4091 in
2124 4045 2205 4105 (p.
2241 4046 2344 4093 247
2381 4046 2466 4095 It’n.
2505 4045 2602 4104 8).
2645 4045 2744 4107 fol.
2792 4049 2848 4095 2Γ
2878 4044 2942 4093 ab

358 4114 731 4182 [subi]unctivo
762 4115 905 4177 (ibid.
930 4117 1016 4166 lin.
1049 4115 1136 4166 17)
1167 4140 1233 4148 —
1259 4127 1358 4160 uon
1398 4127 1508 4161 earn
1549 4129 1611 4161 ne
1650 4117 1723 4175 (p.
1758 4113 1863 4162 248
1895 4115 1979 4161 lin.
2023 4114 2107 4175 7),
2139 4114 2234 4175 fol.
2273 4115 2329 4161 2⁰
2361 4129 2395 4160 a
2424 4112 2656 4179 [feselJlit
2684 4115 2825 4172 (ibid.
2857 4116 2942 4163 lin.

356 4185 444 4248 13)
477 4214 540 4220 -
578 4175 858 4248 ἄναστρα,
900 4183 984 4232 ulti
1018 4185 1089 4245 (p.
1118 4182 1221 4233 249
1250 4184 1334 4231 lin.
1362 4183 1418 4238 5)
1457 4182 1573 4233 inde
1607 4198 1641 4230 a
1677 4196 1808 4244 φεις
1844 4185 1939 4232 inc.
1978 4182 2070 4244 sol.
2104 4181 2136 4231 3
2164 4184 2196 4233 ι’.
2220 4198 2265 4234 e.
2293 4185 2535 4247 inteqrum
2564 4187 2802 4244 primuni,-
2846 4199 2945 4246 per

349 4256 475 4305 haec
495 4257 874 4317 apoxpasmatia
896 4270 971 4306 vv.
994 4255 1048 4300 u.
1070 4268 1198 4316 quas
1231 4253 1525 4314 ‹liquo-scere
1546 4253 1688 4314 potui
1707 4253 1946 4301 adnotavi
2053 4251 2114 4300 15
2133 4253 2290 4300 «heire
2326 4252 2372 4300 L
2478 4252 2676 4317 discere
2705 4254 2754 4301 in
2792 4251 2872 4300 his
2895 4255 2943 4301 D

488 4322 716 4388 iudiciis]
759 4325 933 4373 Cicero
978 4323 1180 4372 indiciis
1218 4320 1524 4370 RPMONL
1557 4329 1607 4371 et
1639 4337 1709 4371 ex
1742 4336 1882 4375 corr.
1919 4324 1971 4371 in
2007 4336 2116 4370 ras.
2150 4323 2186 4368 d
2217 4322 2354 4370 indic
2395 4322 2542 4377 (rell.
2584 4324 2684 4371 Iac.
2724 4323 2943 4382 hausta)

361 4395 413 4443 V
516 4393 788 4457 plurimam
816 4392 878 4441 M
999 4392 1286 4457 apsoluitur
1324 4392 1425 4439 Vl,
1465 4392 1567 4453 (uel
1593 4392 1622 4439 b
1650 4394 1701 4441 in
1728 4406 1824 4455 my.
1856 4389 1935 4454 L)
1971 4390 2234 4441 absolutus
2272 4392 2322 4440 P
2437 4392 2503 4439 16
2541 4392 2741 4440 iudiciis
2779 4392 2838 4439 M

352 4461 708 4513 transterredis
744 4464 795 4512 P
966 4461 1132 4526 vergt
1177 4477 1346 4511 nomen
1398 4461 1625 4510 scribere
1668 4463 1800 4510 solet
1843 4462 1899 4509 V
2072 4463 2230 4525 Very.
2271 4460 2403 4510 Aen.
2454 4462 2522 4510 Vl
2575 4462 2689 4512 119.
2733 4461 2827 4512 121
2863 4477 2941 4526 sq.

495 4533 556 4582 17
596 4535 645 4580 in
685 4534 753 4581 VI
792 4546 884 4584 om.
926 4532 974 4580 P
1150 4530 1211 4580 18
1259 4529 1467 4595 manes]
1508 4529 1625 4579 Pal.
1674 4547 1744 4579 ea:
1786 4547 1925 4581 corr.
1978 4531 2141 4579 manis
2189 4530 2337 4580 Med.
2378 4530 2512 4579 lione.
2553 4531 2673 4580 Pal.
2714 4546 2799 4594 pr.

352 4618 613 4651 accersere
653 4601 797 4654 Med.
836 4602 973 4651 Rom.
1011 4615 1266 4649 arcersere
1305 4601 1420 4649 Pal.
1461 4615 1692 4650 arcesere
1736 4600 1777 4647 L
1954 4602 2154 4664 coiugis
2189 4600 2235 4648 L
2411 4601 2480 4649 20
2513 4598 2674 4664 Itque]
2714 4618 2744 4650 r
2790 4602 2942 4664 idque

362 4673 508 4721 VRL
548 4673 718 4735 itaque
745 4671 795 4718 P
941 4672 1002 4721 21
1054 4670 1227 4730 idubio
1264 4671 1313 4720 L
1471 4668 1649 4733 factas]
1684 4687 1715 4718 r·
1756 4672 1889 4720 facta
1923 4669 1970 4720 R
2114 4670 2380 4719 ostendere
2420 4669 2527 4719 uult
2553 4669 2641 4728 (0)
2807 4672 2942 4721 indi-

352 4742 534 4804 catiuis
564 4751 639 4788 est
672 4755 829 4789 usuus
863 4740 912 4788 L
1051 4754 1176 4789 usus
1209 4747 1261 4788 ut
1301 4754 1414 4788 cum
1442 4739 1489 4787 P
1626 4741 1692 4788 22
1723 4742 1828 4789 sin
1851 4741 1996 4802 (ue?)
2035 4741 2083 4788 L
2221 4739 2290 4789 23
2327 4739 2406 4788 vel
2444 4754 2536 4789 om.
2572 4738 2727 4801 (Mo)
2870 4743 2945 4790 in-

351 4812 587 4860 ductione
630 4810 677 4858 P
850 4810 902 4858 id
935 4834 1006 4845 —
1043 4800 1323 4856 ὖποθέσιν
1358 4823 1450 4859 om.
1491 4810 1541 4857 P
1707 4825 1803 4859 itu·
1833 4809 2043 4858 RMDL
2082 4827 2165 4860 ur
2206 4812 2262 4860 V
2292 4825 2419 4860 κΑτΑ
2458 4811 2538 4859 Nr
2696 4826 2942 4862 moenem

353 4879 502 4928 DNL
543 4894 802 4931 γποεεοικ
843 4878 910 4928 M
1062 4879 1129 4927 24
1162 4875 1389 4942 utuntur]
1433 4880 1711 4942 iunguntur
1748 4879 1799 4927 N
1946 4881 2102 4943 Very.
2140 4879 2270 4929 Aen.
2311 4880 2450 4929 Vllll
2487 4879 2591 4929 210
2627 4896 2735 4946 sqq.
2890 4882 2941 4929 iu

352 4949 491 4998 vm!
532 4963 624 4998 om.
664 4949 714 4997 P
884 4948 951 4997 25
1004 4947 1093 4995 sed
1139 4949 1306 5009 quisq.
1352 4948 1507 4996 multa
1546 4949 1597 4996 P
1768 4948 1914 4998 uides
1947 4951 1998 4999 in
2043 4963 2135 5013 ma.
2173 4949 2297 5001 add.
2340 4950 2359 4997 l
2532 4947 2650 5015 tali]
2685 4953 2762 5000 sic
2795 4951 2944 4999 etiam
